1956 3106
219 232 504 287 Prinassum.
540 235 628 284 lilii.
659 236 697 284 ll.
795 234 827 283 23

89 335 219 389 Sollicitis
230 337 316 386 risum
326 336 485 385 mortalibus
497 336 596 395 addere
609 353 709 398 curam,
854 335 870 385 5

91 405 214 457 Noscant
225 411 354 454 venturas
365 410 395 452 ut
405 404 465 453 dira
476 420 524 470 per
535 406 627 455 omina
637 403 743 456 eladesi

92 473 154 524 Sive
165 488 263 540 pareas
274 488 364 521 rerum
375 488 455 539 quum
468 475 582 538 primum
593 472 720 523 informia
734 489 818 541 regna

92 543 290 608 Materiemque
302 542 395 590 rmlem
407 541 515 591 flanrma
526 542 639 592 cedente
651 543 762 607 recepit,

92 612 184 661 Finxit
195 612 222 659 in
235 619 373 659 aeteruum
386 626 505 672 caussas,
517 626 571 678 qua
581 617 681 661 cuncta
692 618 810 671 coercet,

94 678 129 730 Se
140 693 247 746 quoque
258 679 317 745 lege
329 688 431 740 tenens,
444 688 472 730 et
481 680 591 730 saecula
601 681 676 730 iussa
686 678 818 729 forontem
855 680 888 728 lb

92 750 223 798 Fatorum
236 749 348 798 immoto
360 748 450 799 diiisit
459 750 544 799 limite
554 749 695 799 mundum:

93 816 156 866 Sive
167 815 232 865 nibil
242 819 359 883 positum
371 826 420 879 est,
437 818 485 868 sed
497 819 565 868 Fors
575 819 681 868 incerta
691 825 816 886 ragam,

93 887 211 952 Fertque
221 885 359 953 refertque
370 889 451 947 vices,
465 895 493 937 et
504 885 587 937 habet
596 888 723 937 mortalia
734 903 828 938 aasusz

93 954 135 1005 Sit
146 955 272 1016 subitum,
289 956 477 1022 quodcumque
488 972 581 1022 paras:
604 958 639 1006 sit
651 971 735 1007 caeca
744 956 828 1007 futuri

93 1024 171 1074 Mens
182 1022 319 1074 hominum
330 1023 379 1073 fati
389 1042 394 1071 :
404 1025 487 1074 liceat
498 1040 608 1090 sperare
619 1027 733 1076 timenti.
855 1025 889 1074 15

146 1093 219 1159 Ergo
231 1093 276 1141 ubi
288 1094 452 1157 coemptum,
465 1094 572 1157 quantis
582 1095 617 1142 sit
629 1094 750 1152 cladibus
762 1093 820 1144 orbi

93 1162 258 1211 Constatura
268 1161 334 1209 fides
346 1163 482 1224 asperum,
493 1160 578 1210 ferale
589 1176 638 1225 per
648 1161 743 1212 urbem

92 1231 241 1280 iustitiumt
253 1229 333 1278 latuit
344 1227 450 1292 plebeio
462 1235 551 1277 tectus
563 1231 664 1278 anrietu

92 1298 188 1347 Omnis
199 1295 297 1345 bones:
309 1297 396 1345 nullos
408 1297 538 1346 comitata
550 1304 590 1346 est
601 1312 721 1363 purpura
731 1295 828 1348 fasces.

93 1367 407 1431 Tuncquestustenuere
418 1380 663 1432 su0s‚n1agnusque
676 1382 724 1431 per
735 1381 828 1416 omnes
856 1368 887 1417 20

61 1475 64 1481 .
94 1433 213 1483 Errabat
222 1435 279 1484 sine
291 1448 358 1484 roae
369 1434 455 1484 dolor.
494 1432 539 1485 Sic
551 1435 645 1484 funere
656 1436 742 1502 primo

92 1504 231 1553 Attonitae
242 1511 352 1553 tacuere
363 1504 467 1565 domus,
480 1519 562 1570 quum
573 1519 690 1569 corpora
700 1504 818 1557 nondum

92 1573 268 1622 Conclamata
280 1574 378 1634 iacent,
391 1588 440 1623 nec
452 1579 541 1623 niater
553 1575 627 1624 crine
638 1574 728 1624 soluto

90 1642 183 1707 Exigit
195 1642 228 1691 od
239 1657 335 1692 saeros
346 1641 507 1692 faarulerum
518 1640 631 1692 brachia
641 1643 778 1709 planctus:

89 1709 145 1759 Sed
157 1726 237 1776 quum
250 1711 371 1761 membra
381 1713 480 1778 premit
490 1711 611 1778 fugiente
622 1714 737 1778 rigentia
748 1712 813 1772 rita,
856 1710 889 1760 25

92 1779 242 1846 Vultusque
250 1778 399 1841 exanimes,
407 1780 554 1847 oculosque
564 1781 592 1829 iu
603 1787 691 1831 morte
702 1787 837 1843 natantes,

92 1846 149 1898 Nec
164 1849 227 1898 duni
245 1855 285 1898 est
300 1849 345 1898 ille
361 1849 452 1911 dolor,
467 1849 516 1900 sed
530 1850 585 1899 iam
597 1855 696 1900 metus:
717 1851 829 1900 incubat

503 1933 595 1969 eniens

90 1985 260 2049 Miraturque
271 1986 378 2035 malum.
416 1988 508 2038 Cultus
519 1993 644 2038 matrona
654 1990 759 2054 priores

91 2053 240 2119 Deposuit:
261 2061 436 2120 moestaeque
446 2063 541 2106 tenent
552 2057 665 2107 delubra
674 2063 809 2107 catervae.

91 2123 152 2172 llae
165 2122 294 2186 lacrymis
306 2137 430 2187 sparsere
443 2124 518 2192 detm²
531 2123 582 2175 hae
594 2132 709 2191 pectora
720 2125 787 2175 duro
855 2124 888 2174 30

90 2192 216 2249 Adfixere
227 2191 299 2240 solo:
316 2191 475 2258 lacerasque
486 2195 512 2242 in
524 2194 614 2242 limine
626 2208 705 2242 sacro

91 2261 229 2310 Attonitae
240 2258 335 2310 fudere
347 2275 453 2310 coines:
469 2263 593 2326 votisque
604 2263 699 2311 vocari

90 2330 223 2381 Adsuetas
235 2329 337 2380 crebris
349 2329 450 2379 feriunt
461 2330 608 2379 ululatibus
620 2345 707 2382 aures.

89 2397 147 2449 Nec
158 2405 273 2450 cunetae
283 2400 380 2451 summi
391 2399 492 2466 templo
502 2400 610 2449 iacuere
622 2400 767 2453 Tonantis:

91 2468 212 2518 Divisere
225 2469 303 2519 deest
320 2476 348 2520 et
360 2468 437 2519 nullis
448 2468 534 2519 defuit
545 2468 598 2518 aris
853 2470 887 2522 35

90 2537 219 2587 insidiam
231 2538 339 2589 factura
350 2553 462 2605 parens:
480 2552 592 2604 quarum
604 2554 658 2589 una
669 2539 809 2592 aradentes

89 2605 182 2656 Scissa
192 2622 284 2673 genas,
296 2609 406 2674 planctu
416 2607 530 2658 liventes
539 2615 600 2658 atre
611 2608 738 2672 lacertos,

89 2674 173 2735 b'rrnc,
185 2677 231 2737 ait,
243 2693 257 2726 a
270 2677 382 2729 estserae
395 2677 550 2728 contundite
556 2688 671 2744 pectora
682 2687 791 2739 taratros,

87 2743 169 2797 Nisae
181 2745 282 2797 laniate
293 2763 388 2808 coritas,
399 2763 461 2798 neae
472 2745 541 2799 birra
553 2746 663 2817 differte
675 2749 799 2806 dolorem,
