1956 3106
132 175 135 178 ·
190 176 243 226 aas
358 142 400 226 'sa
435 172 536 225 aar.
572 173 758 225 uocant

190 294 282 358 Fecit)
294 300 321 346 et
333 300 460 345 aeternos
471 295 588 343 animam
601 294 711 362 collegit
718 295 747 343 in
759 293 852 345 orbes.
894 310 897 317 ·

148 365 181 413 ro
193 363 255 414 Non
268 364 333 416 illuc
344 380 411 414 auro
424 364 520 429 positi,
531 378 582 413 nec
593 368 653 413 tore
665 362 764 429 sepulti

190 433 364 484 Perveniunt.
385 433 441 482 lllic
455 438 600 499 postquam
611 447 641 482 se
651 432 751 483 lumine
761 446 828 483 vero

190 503 328 569 Implevit,
339 502 486 567 stellasque
496 516 580 568 vagas
590 502 719 563 miratur,
731 506 761 552 et
771 506 849 551 astra

190 572 260 622 Fixa
272 573 356 639 polis,
366 569 434 619 vidit
446 576 548 637 quanta
557 570 606 620 sub
618 575 699 621 nocte
709 571 813 621 iaceret

190 640 293 691 Nostra
305 641 379 700 dies,
391 640 504 706 risitque
515 640 556 689 sui
565 639 683 689 ludibria
694 640 792 690 trunci.

148 708 180 757 15
192 710 265 759 Hinc
277 724 359 775 super
370 706 513 758 Emathiae
525 723 651 774 campos,
665 715 692 759 et
702 710 782 775 signa
790 711 898 761 cruenti

190 780 328 839 Caesaris,
340 793 373 826 ac
384 792 494 842 sparsas
504 777 628 827 volitavit
637 777 664 827 in
677 791 796 845 aequore
808 776 924 841 classes,

188 848 226 897 Et
236 846 368 897 scelerum
381 845 479 895 vindex
490 847 518 895 in
529 852 626 896 sancto
637 852 750 912 pectore
761 847 842 897 Bruti

189 913 281 976 Sedit,
293 922 321 965 et
330 915 422 965 ins-icti
435 916 525 980 posuit
536 931 565 965 se
577 921 667 966 mento
679 916 799 967 Catonis.

188 984 246 1047 Ille,
257 986 303 1035 ubi
316 985 471 1050 pendebant
483 1000 578 1047 casus,
590 984 754 1052 dubiumque
764 984 914 1047 manebat,¹

147 1056 180 1102 20
193 1055 279 1115 Quem
292 1055 382 1104 arandi
395 1055 533 1104 dominum
544 1053 668 1105 lacerent
680 1055 770 1104 ciuilia
778 1053 861 1116 bella,

190 1125 294 1174 Oderat
306 1131 334 1175 et
344 1125 484 1191 Magnum,
496 1125 618 1189 quamvis
631 1139 723 1173 comes
732 1124 801 1173 isset
810 1124 841 1173 in
851 1138 933 1173 mma.

188 1195 322 1259 Auspiciis
334 1200 428 1258 raptus
440 1192 560 1257 patriae,
572 1192 709 1260 ductuque
721 1197 847 1243 senatust

187 1265 222 1314 At
233 1269 296 1328 post
307 1261 483 1311 'l'bessalicas
496 1261 588 1311 clades
598 1263 652 1311 iam
665 1267 778 1327 pectore
789 1267 852 1312 toto

188 1332 373 1397 Pompeianus
387 1336 454 1380 erat.
474 1331 595 1380 Patriam
607 1338 698 1380 tutore
710 1335 853 1381 carentem

120 1444 123 1451 ,
146 1402 178 1449 ἓῖ)
189 1403 323 1466 Excepit,
335 1401 425 1466 populi
438 1400 605 1464 trepidantia
615 1400 737 1449 membra
746 1399 858 1463 relovit,

187 1471 296 1537 lgnaris
307 1470 432 1519 manibus
446 1470 584 1534 proiectos
596 1469 714 1519 reddidit
726 1484 819 1520 enses:

186 1539 245 1588 Noc
259 1554 371 1604 regnum
386 1539 497 1602 cupiens
508 1540 593 1603 gessit
604 1539 693 1587 civilia
703 1538 784 1600 bella,

189 1607 248 1656 Nec
260 1608 362 1656 servire
372 1607 477 1654 tiniens.
497 1606 539 1655 Nil
552 1622 650 1656 caussa
660 1606 761 1657 fecitin
775 1610 860 1660 armis

187 1677 249 1741 lpse
260 1691 322 1723 sua:
335 1681 412 1724 totae
425 1682 487 1739 post
499 1676 591 1741 Magni
605 1676 701 1727 lunera
712 1683 805 1742 partes

145 1746 177 1794 30
187 1745 339 1794 Libertatis
351 1750 441 1793 erant:
462 1759 528 1809 quas
540 1760 573 1794 ne
586 1761 634 1810 per
646 1747 728 1795 litora
738 1745 816 1798 fusas

188 1815 335 1881 Colligeret
347 1812 441 1878 rapido
454 1814 570 1864 victoria
581 1816 705 1865 Caesaris
718 1821 790 1878 actu,
836 1822 840 1827 '

187 1886 326 1948 Corcyrae
338 1890 446 1932 secreta
459 1884 541 1947 petit,
554 1899 586 1933 ac
597 1885 669 1933 mille
681 1884 780 1934 carinis

186 1953 303 2002 Abstulit
317 1950 460 2002 Emathiae
471 1967 562 2001 secum
575 1952 731 2020 lr·.·1gmenta
742 1955 847 2008 ruinae.

188 2024 255 2082 (luis
269 2023 372 2071 ratibus
384 2023 467 2070 tantis
480 2021 611 2088 fugientia
624 2023 749 2073 crederet
758 2024 800 2075 ire

145 2092 176 2141 35
189 2090 319 2159 Agmina?
340 2093 398 2157 quis
410 2091 521 2157 pelagus
533 2093 620 2141 rictas
631 2101 753 2142 arctasse
765 2093 895 2145 carinas!

239 2161 344 2210 Dorida
363 2167 427 2210 tunc
444 2160 568 2222 Malean,
588 2169 616 2212 et
637 2169 759 2228 apertam
780 2164 932 2215 Taenaron

662 2232 773 2293 umbris,

186 2299 253 2350 Inde
267 2297 388 2365 Cythera
397 2301 480 2365 petit:
499 2300 644 2367 Boreaque
654 2307 769 2366 urgente
781 2302 891 2353 carinas

188 2370 269 2420 Creta
281 2368 365 2436 sugit:
388 2369 504 2418 Dictaea
514 2369 593 2435 legit,
606 2369 765 2418 cedentibus
777 2370 868 2433 undis,

186 2439 293 2488 Litora.
313 2440 391 2488 'lunc
403 2454 496 2487 ausum
510 2440 588 2488 classi
602 2438 780 2503 praecludere
792 2446 890 2507 portus

144 2511 179 2557 40
191 2509 315 2575 lmpolit,
327 2522 358 2556 ac
369 2523 465 2557 saevas
478 2509 602 2556 meritum
617 2506 761 2570 Phycunta
772 2511 884 2575 rapinas

187 2575 306 2643 Sparsit:
320 2584 347 2626 et
357 2575 421 2626 binc
435 2576 547 2642 placidis
560 2578 615 2626 alto
627 2576 764 2628 delabitur
774 2580 849 2629 auris

187 2647 308 2708 inlitas,
326 2646 468 2707 Palinure,
490 2655 580 2696 tuum:
604 2660 691 2713 nequo
716 2649 786 2697 enim
808 2664 927 2717 aequore

663 2723 769 2766 tantum
