1956 3106
195 94 483 163 ranasnnm‘.
520 109 610 160 ura.
640 110 679 188 ¹¹.-
776 108 811 160 m

66 232 146 282 Haeo
158 230 204 282 ubi
216 231 298 292 diota,
311 231 378 280 levis
389 235 463 280 totas
475 230 583 296 accepit
592 227 711 279 habenas
820 227 871 279 500

65 301 98 352 ln
112 316 238 367 campum
250 301 373 367 sonipes:
390 298 541 366 crebroque
552 296 688 348 simillima
697 297 788 348 nimbo

65 372 157 442 Trans
168 371 257 436 ripam
267 368 349 419 validi
359 373 499 418 torserunt
508 367 564 418 tela
573 367 678 417 lacerti.

65 438 223 507 Ingreditur
233 438 313 504 pulsa
323 436 435 487 ssuvium
445 438 564 487 statione
575 443 720 486 vacantem

67 510 178 570 Caesar,
191 513 219 559 et
232 507 266 558 ad
277 511 352 558 tutas
362 505 449 556 hostis
461 505 633 571 compellitur
643 519 730 555 arces.

65 578 104 629 Et
114 578 169 627 iam
180 581 304 626 moturas
314 576 436 642 ingentia
446 575 569 641 pondera
579 582 668 625 turres
821 573 870 622 505

65 647 165 714 Erigit,
178 652 206 697 et
217 645 312 695 mediis
323 644 460 710 subrepsit
469 645 549 695 vinea
559 646 651 694 muris.

40 764 43 769 .
64 716 150 777 Ecce,
162 713 240 765 nefas
250 714 324 777 belli,
336 715 465 764 reseratis
477 714 586 779 agmina
598 716 685 780 portis

66 785 210 850 Captivum
220 790 330 835 traxere
341 783 448 844 ducem,
462 784 581 849 civisque
593 784 703 849 superbi

66 855 196 905 Constitit
207 853 374 920 antepedes.
393 851 479 903 Vultu
489 857 582 902 tamen
594 852 650 902 alta
660 853 759 902 minaei

64 921 201 975 Nobilitas
212 928 290 973 recta
301 921 403 972 serrum
414 922 520 971 cervice
530 923 664 987 poposcit.
819 919 870 970 510

66 989 126 1044 Scit
137 994 239 1044 Caesar
249 1004 421 1059 poenamque
432 990 498 1055 peti,
508 991 669 1055 veniamque
678 990 777 1039 timeri.

71 1059 144 1122 Vive,
157 1061 308 1120 limicolis,
320 1069 347 1110 et
357 1068 451 1110 nostro
463 1073 580 1116 renuere,
593 1056 669 1118 dixit,

66 1129 152 1182 Cerne
164 1131 245 1181 diem.
270 1127 356 1178 Victis
367 1126 422 1177 iarn
433 1142 492 1192 aper
502 1125 570 1176 bona
579 1125 702 1190 partibus
713 1135 778 1187 esto,

64 1199 283 1264 Exemplumque
294 1196 360 1246 mei:
371 1198 420 1256 rel,
433 1194 539 1255 silibet,
551 1211 629 1245 arma
641 1204 746 1246 retenta
755 1211 766 1253 ,·

64 1267 110 1322 Et
121 1264 192 1318 nibil
200 1264 251 1317 bac
262 1265 350 1327 nenia,
362 1265 387 1314 si
396 1263 492 1315 vicerit
502 1263 569 1330 ipre,
579 1264 712 1331 paciscor.
820 1263 870 1315 515

64 1336 168 1388 Fatum
186 1339 215 1386 et
225 1335 363 1386 adstrictis
372 1334 459 1385 laxari
471 1333 580 1385 nucula
590 1334 686 1400 palmis

63 1407 195 1472 Imperat.
214 1405 277 1456 Heu
290 1410 390 1472 quanto
402 1404 498 1455 melius
509 1403 553 1455 vel
563 1404 647 1455 caede
658 1410 772 1472 peracta

63 1475 186 1527 Parcere
197 1475 321 1525 Romano
333 1476 422 1540 potuit
434 1473 546 1524 fortuna
556 1475 667 1540 pudori3

64 1544 221 1596 Poenarum
231 1550 383 1595 extremum
396 1545 440 1594 cui
451 1544 490 1606 fit,
501 1544 573 1610 quod
586 1550 677 1595 castra
688 1551 799 1597 secutus

65 1611 108 1665 sit
115 1615 220 1680 patriae
225 1615 409 1680 Magnumque
417 1614 515 1663 ducem
521 1618 663 1680 totumque
672 1620 807 1677 senatum,
818 1613 870 1664 520

63 1683 181 1751 ignosci.
200 1683 305 1734 Promst
314 1682 359 1732 ille
369 1697 467 1750 graves
477 1683 619 1733 interritus
628 1684 693 1745 iras,

64 1752 102 1802 Et
112 1766 220 1802 secum:
232 1752 380 1802 Romamne
389 1762 473 1818 petes,
483 1751 611 1818 pacisque
622 1768 747 1814 recensus,

64 1819 213 1889 Degener?
230 1820 262 1873 in
274 1820 374 1871 nredioe
384 1821 445 1873 belli
456 1838 507 1872 non
518 1820 678 1889 irefieroree

64 1890 225 1942 Iamdudum
237 1889 368 1940 moriture
376 1891 479 1955 purae?
495 1888 555 1941 Rue
568 1901 667 1954 certus,
679 1901 706 1944 et
717 1909 806 1944 omnes

64 1959 148 2010 Lucia
160 1973 255 2023 rumpe
266 1973 363 2019 morae,
376 1967 403 2009 ct
416 1957 542 2009 Caesarie
553 1960 645 2029 effuge
654 1979 757 2014 ritanus.
819 1959 870 2011 525

119 2027 235 2079 Nescius
247 2028 354 2077 interea
363 2027 437 2094 capti
449 2027 534 2091 ducis,
546 2043 622 2078 arnna
634 2031 751 2095 parabat

63 2097 191 2166 Magnus,
202 2103 233 2148 ut
242 2097 367 2148 immixto
379 2095 502 2147 firmaret
512 2097 612 2148 robore
623 2105 724 2164 partes.

63 2168 176 2235 lamque
188 2172 318 2218 secuturo
330 2166 453 2217 iussurus
467 2165 582 2215 classica
592 2165 715 2230 Phoebo,

64 2236 278 2305 'l'entandasque
289 2241 367 2287 ratus
377 2235 479 2286 moturi
489 2234 580 2286 militis
591 2237 656 2298 iras,
719 2280 724 2291 ,

63 2304 225 2372 Adloquitur
235 2307 336 2357 tacitas
347 2304 503 2357 veneranda
515 2318 583 2355 voce
595 2302 737 2357 cohortes:
819 2307 870 2360 530

65 2371 91 2426 0
102 2376 230 2426 scelerum
243 2378 352 2437 ultores,
363 2375 526 2441 melioraque
538 2375 617 2443 signo
627 2377 728 2427 seculi:

65 2440 164 2495 Oeere
174 2441 300 2498 Romana
311 2461 422 2497 mancae:
435 2445 529 2512 quibus
542 2461 620 2496 arma
632 2456 742 2498 renatae

63 2512 123 2587 Nea
131 2512 245 2580 privata
257 2516 338 2578 dedit,
349 2514 418 2566 rotis
430 2515 562 2582 deposcite
571 2532 702 2585 pugnam.

63 2582 169 2636 Ardent
180 2583 308 2650 Hesperii
319 2583 404 2636 caenia
415 2586 587 2651 populatibus
599 2587 679 2655 agri:

68 2651 178 2706 Gallica
185 2670 238 2722 per
245 2654 353 2724 gelidae
365 2656 453 2706 rabies
465 2653 621 2735 efficnditur
630 2656 728 2725 Alpes:
817 2655 868 2706 535
