1956 3106
191 211 225 260 40
365 211 403 260 M.
439 208 539 260 ANN.
576 207 756 260 LUCANl

132 329 182 382 665
194 331 310 381 Excussi
321 329 449 397 placuere
460 331 527 379 tori:
545 343 608 379 mox
620 328 725 379 reddita
736 328 825 380 victor

192 399 267 460 Quos
277 399 343 449 libet
352 400 380 448 in
391 398 476 448 saltus
489 398 679 448 comitantibus
691 398 798 464 agmina
807 399 894 449 tauris

190 467 277 517 lnvito
290 474 400 535 pastore
413 465 510 517 trabit:
526 469 566 517 sic
576 468 677 516 viribus
686 468 774 532 impar

190 536 317 586 Tradidit
327 537 498 602 Hesperiam,
514 534 698 602 profugusque
709 551 758 602 per
768 535 853 602 Apula
863 551 929 593 rura

189 605 326 655 Brundisii
336 611 409 654 tutas
422 605 581 654 conscendit
590 605 706 669 Magnus
718 605 745 654 in
756 619 840 654 arces.

129 671 179 721 616
192 674 261 724 Urbs
274 679 316 723 est
328 674 449 723 Dictaeis
461 673 524 722 olim
537 688 664 734 possessa
676 673 788 734 colonis,

191 742 265 803 Quos
277 741 408 809 profugos
420 743 502 792 Creta
513 756 611 792 vexere
622 756 671 806 per
682 757 802 808 aequora
813 757 920 809 puppes

189 812 347 876 Cecropiae,
359 812 461 860 victum
473 811 592 860 urentitis
604 808 713 859 Thesea
725 811 800 860 velis.

187 879 247 928 Hac
258 878 329 930 latus
342 885 486 946 angustum
496 881 550 928 iam
563 894 592 929 se
605 881 728 946 cogentis
739 879 766 928 in
777 895 868 929 arcum

186 947 338 1013 Hesperiae
351 953 459 998 tenuem
469 947 596 1015 producit
605 949 634 998 in
645 963 765 1014 aequora
775 949 903 1015 lingnam,

127 1013 177 1064 615
188 1015 342 1068 Hadriacas
354 1015 431 1068 flexis
441 1018 542 1068 claudit
555 1032 624 1083 quae
636 1016 763 1067 cornibus
773 1018 867 1068 undas.

186 1083 244 1135 Nec
256 1092 346 1137 tamen
359 1085 411 1137 hoc
422 1089 505 1137 arctis
517 1087 667 1137 immissum
677 1085 801 1136 faucibus
813 1101 919 1153 aequor

186 1154 285 1205 Portus
298 1162 365 1218 erat,
376 1157 400 1206 'si
412 1172 465 1205 non
478 1155 611 1206 violentos
622 1154 710 1204 insula
722 1157 807 1205 Coros

187 1224 334 1290 Exciperet
345 1226 427 1286 saxis,
439 1225 581 1291 lapsasque
593 1224 750 1274 refunderet
760 1224 853 1273 undas.

184 1293 258 1342 Hinc
266 1294 340 1344 illinc
351 1300 458 1344 montes
470 1294 632 1360 scopulosae
644 1295 719 1358 rupis
731 1300 825 1358 aperto

124 1359 174 1409 626
187 1362 323 1428 Opposuit
334 1370 432 1412 natura
441 1364 519 1424 mari,
532 1361 666 1428 flatusque
677 1364 802 1423 removit,

184 1431 220 1479 Ut
230 1431 346 1482 tremulo
359 1437 464 1481 starent
475 1436 621 1480 contentae
633 1429 696 1480 tune
709 1432 826 1481 carinae.

183 1498 256 1548 Hinc
267 1499 321 1549 late
335 1504 412 1564 patet
422 1514 501 1549 ornne
513 1497 622 1557 fretum,
635 1513 683 1547 seu
694 1499 755 1548 vela
765 1498 890 1550 ferantur

183 1567 213 1615 ln
225 1572 329 1633 portus,
341 1569 472 1632 Corcyra,
483 1573 555 1628 tuos,
568 1581 616 1616 scu
628 1565 706 1616 laeva
717 1573 827 1632 potatur

182 1634 271 1700 Illyris
284 1637 373 1686 Ionias
385 1650 499 1702 vergens
511 1635 679 1701 Epidamnos
689 1635 716 1684 in
727 1638 822 1689 undas.

121 1701 172 1752 625
182 1703 245 1754 Huc
257 1702 322 1770 fuga
332 1710 484 1766 nautarum,
498 1719 558 1753 curn
570 1708 643 1753 totas
656 1704 761 1756 Hadria
771 1708 842 1759 sires

179 1772 277 1834 Merit,
289 1775 354 1824 etin
364 1774 449 1824 nubcs
461 1774 552 1823 abiere
565 1774 707 1836 Ceraunia,
719 1791 833 1844 cumque

182 1839 316 1907 Spumoso
330 1843 444 1893 Calaber
453 1842 625 1908 perfunditur
637 1858 756 1910 aequore
769 1844 864 1898 Sason.

234 1912 308 1978 Ergo
319 1911 366 1961 ubi
376 1912 448 1962 nulla
460 1913 526 1961 tides
539 1912 619 1962 rcbus
631 1919 694 1978 post
705 1920 782 1982 terga
793 1916 903 1980 relictis,

181 1977 239 2030 Nec
250 1980 316 2030 licet
326 1980 360 2030 ad
371 1981 454 2031 duros
464 1983 582 2030 Martem
594 1989 754 2034 convertere
765 1985 867 2048 iberos,
962 1978 966 1985 ’

121 2047 171 2098 636
184 2050 249 2098 Cum
262 2049 368 2100 mediae
379 2051 488 2115 iaceant
498 2051 637 2101 immensis
649 2053 780 2102 tractibus
790 2052 883 2117 Alpes:

182 2119 250 2168 'sum
264 2118 358 2168 subole
369 2134 403 2170 ex
414 2124 491 2170 tanta
502 2127 604 2182 natum,
618 2123 662 2170 cui
673 2121 775 2169 tirmior
787 2125 872 2180 aetas,

178 2186 306 2238 Adfatur:
323 2186 420 2239 Mundi
430 2188 506 2239 iuben
518 2198 624 2240 tentare
636 2204 760 2240 recessus.

178 2255 349 2323 Euphratem
362 2258 501 2322 Nilumque
512 2275 593 2318 mooe,
605 2273 655 2322 quo
667 2254 779 2308 noruiuis
792 2271 871 2320 usque

179 2323 277 2376 Nostri
283 2326 366 2396 foma
378 2327 460 2388 veuit,
474 2343 540 2393 quas
550 2336 589 2376 err
602 2327 715 2391 vulgatu
725 2339 774 2388 per
787 2325 865 2374 urbes
915 2374 920 2381 ,

119 2392 169 2445 635
181 2393 250 2446 Post
262 2412 301 2445 me
313 2395 398 2447 Romo
410 2399 517 2447 ducem:
528 2410 632 2461 sparsos
640 2409 689 2458 per
702 2408 768 2442 rura
779 2394 884 2446 colonos

179 2462 269 2514 Redde
281 2465 352 2516 mari
365 2464 478 2516 Cilicas:
491 2463 608 2515 Pharios
620 2459 680 2512 laiac
692 2471 803 2513 concute
814 2479 900 2531 reges,

180 2531 380 2601 Tigranemque
392 2551 485 2585 areum.
515 2529 569 2583 Nec
579 2529 729 2581 Pharnacis
746 2549 824 2584 orma
839 2533 920 2586 reliu-

651 2617 725 2666 quus,

177 2672 319 2732 Admoneo,
331 2689 377 2723 nec
388 2681 418 2721 tu
425 2672 539 2736 populor
550 2679 664 2735 neroque
676 2681 808 2737 vagantes

174 2739 315 2802 Armenia,
329 2739 464 2805 Pontique
469 2739 550 2808 seros
562 2756 608 2804 per
619 2741 699 2789 litora
709 2751 811 2805 queritur,
