1956 3106
210 153 698 208 PllrlRSAle.LlB.lV.
792 157 828 210 81
912 148 917 159 ⁴

93 272 170 326 Eme
179 273 250 325 sulit
256 289 359 339 presso,
371 283 397 325 et
406 276 504 341 galeae
515 284 604 327 texere
612 277 748 341 pudorem,

92 342 303 414 Quis·conferre
315 343 392 393 duces
403 342 539 394 meminit?
555 343 614 410 quis
625 345 741 411 pendere
751 361 826 396 ecus·

567 413 628 463 sus?

96 479 158 543 Qua
168 481 255 539 stetit,
265 480 325 531 iude
330 480 412 561 suaet
421 500 430 530 .·
440 481 630 552 uelutifutalis
640 497 738 533 crenus

96 549 254 601 Muneribus
265 565 316 600 rou
327 566 372 600 eru
383 559 457 601 uetus
467 567 626 602 concurrere
636 551 711 618 cogit

95 619 267 676 Produetos;
278 619 453 684 oderepures,
482 617 527 669 Sic
537 617 619 682 fatus,
630 621 731 686 apertis
837 621 888 670 'llo

95 688 341 754 instruxitcampis
354 689 440 739 acies:
452 703 531 754 quem
540 688 749 740 blaudafuturis

96 757 255 823 Deceptura
265 756 342 807 malis
353 756 415 807 belli
426 754 538 806 fortuna
546 759 658 824 recepit.

91 824 164 876 Nem
177 826 280 893 pepulit
290 825 392 877 Varum
404 840 510 889 canipe,
521 827 675 894 nudataque
689 825 778 878 foeda

95 896 188 963 Terga
198 893 272 962 fuga,
283 894 371 944 donec
381 900 525 945 vetuerunt
537 902 637 956 cessuray
647 896 754 946 cecidit.

95 964 199 1015 Tristia
206 963 257 1014 sed
268 969 413 1030 postquam
423 965 544 1028 superati
555 964 658 1030 proelia
668 965 735 1015 Vari
836 963 887 1014 715

95 1031 164 1083 Sunt
175 1032 269 1082 audita
279 1032 375 1083 lubae:
394 1031 492 1092 laetus,
504 1032 576 1098 quod
587 1033 676 1098 gloria
685 1033 749 1083 belli

95 1100 137 1152 Sit
145 1101 228 1152 rebus
237 1107 345 1151 servata
355 1100 419 1160 stus,
431 1101 503 1165 rapit
514 1101 622 1166 agruim
631 1099 733 1162 furtim,

95 1170 285 1236 Obscuratque
296 1183 372 1219 suam
383 1183 432 1234 per
441 1168 516 1218 iussa
525 1167 636 1218 suenda
643 1167 756 1231 famarm

93 1238 158 1288 Hoc
168 1237 256 1288 solum
267 1244 399 1298 metuens,
409 1236 580 1287 incautusab
593 1235 671 1287 hoste
681 1238 778 1288 timeri.

93 1306 223 1366 Mittitur,
235 1306 335 1372 exigua
343 1306 388 1372 qui
398 1306 502 1372 proelia
513 1307 600 1371 prima
609 1306 736 1367 lacessat,
836 1306 887 1356 720

94 1375 247 1440 Eliciatque
258 1390 347 1436 mauu,
360 1373 483 1424 Numidis
494 1390 512 1424 a
521 1390 585 1442 rege
596 1374 740 1437 secundus,
917 1386 920 1393 ·

94 1445 131 1495 Ut
141 1443 192 1494 sibi
205 1444 342 1494 contraisti
353 1444 495 1495 sinrulator
506 1442 611 1495 Sabura
621 1443 694 1494 belli.

92 1514 155 1580 lpse
168 1528 236 1563 cava
245 1513 402 1580 regaturos
412 1514 440 1563 in
451 1512 519 1563 valle
531 1519 662 1564 retentat:

90 1582 206 1648 Aspidas
216 1589 246 1633 ut
257 1581 371 1633 Pharias
381 1582 469 1633 cauda
479 1582 616 1634 sollertior
627 1581 713 1632 bostis

91 1652 185 1712 Ludit,
197 1653 320 1703 etiratas
329 1653 435 1702 incerta
445 1658 577 1717 provocat
587 1652 697 1702 umbra:
835 1652 885 1703 ⁷25

91 1721 278 1787 Obliquusque
290 1727 372 1786 caput
382 1735 465 1770 vanas
476 1723 609 1787 serpentis
621 1723 649 1771 in
661 1737 740 1771 auras
785 1764 787 1768 Α

92 1788 207 1840 Effusae
216 1795 275 1839 tuto
289 1789 459 1854 comprendit
467 1795 579 1856 guttura
587 1805 680 1840 nrorsu

90 1856 243 1908 Letiferam
254 1859 323 1907 citra
332 1859 445 1908 saniem:
458 1863 522 1908 tuuc
532 1859 705 1923 irrita-pestis

92 1927 269 1990 Exprimitur,
281 1924 427 1993 faucesque
440 1925 526 1976 fluunt
535 1933 665 1992 pereunte
675 1942 789 1977 veneno.

145 1993 297 2044 Fraudibus
308 1994 681 2045 eventumdedorat-fortuna:
692 1995 825 2062 feroxque
835 1995 887 2046 'lit

94 2062 156 2114 Non
168 2062 317 2128 exploratis
329 2062 540 2113 occultisiribus
550 2061 646 2125 hostis,

94 2133 176 2184 Curio
188 2137 351 2182 nocturnum
362 2132 458 2181 castris
470 2146 611 2197 erumpere
623 2134 707 2198 cogit,

92 2202 251 2269 lgnotisque
263 2200 380 2266 equitem
391 2199 446 2248 late
456 2199 609 2250 discurrere
620 2202 731 2265 campis.
798 2220 803 2225 ·

95 2273 156 2337 lpse
166 2269 216 2321 sub
228 2282 344 2319 aurorae
355 2268 457 2334 primos
469 2268 601 2318 excedere
611 2274 701 2318 motus

93 2339 177 2407 Signa
185 2338 262 2389 iubet
274 2338 379 2398 castris,
389 2336 502 2386 multum
512 2335 667 2403 frustraque
679 2348 800 2405 rogatus,
835 2339 887 2392 ‘135

94 2410 130 2458 Ut
140 2408 262 2472 Libycas
275 2412 378 2456 metuat
388 2404 508 2468 fraudes,
518 2403 673 2473 infectaque
685 2422 792 2474 semper

93 2477 197 2526 Punica
205 2473 277 2526 bella
288 2475 364 2525 dolis.
392 2474 455 2526 Leti
468 2473 579 2524 fortuna
590 2477 732 2543 propinqui

94 2544 259 2594 Tradiderat
268 2543 333 2594 fatis
342 2545 480 2594 iuvenem:
490 2541 644 2610 bellumque
653 2543 781 2599 trahebat

92 2616 239 2664 Auctorem
248 2613 326 2664 civile
339 2627 425 2663 suum,
454 2610 542 2678 Super
553 2613 638 2663 ardua
649 2614 725 2668 ducit

94 2681 177 2744 Saxa,
187 2695 268 2747 super
279 2688 382 2743 cautes,
394 2681 510 2748 abrupto
520 2681 614 2744 limite,
626 2685 715 2751 signa:
834 2687 886 2734 74⁰
