1950 3218
195 155 511 248 'putassem
547 185 634 238 Lm.
663 189 696 240 v.
772 189 825 240 101

90 301 239 368 Hesperiae
247 313 352 371 gentes,
363 305 437 355 nobis
447 303 562 354 victoria
572 305 679 355 turbam

89 369 148 422 Non
159 372 241 432 dabit,
253 372 363 438 impulsi
374 382 478 424 tantam
491 388 559 436 quae
568 374 693 438 praernia
704 374 764 426 teta
834 374 884 426 330

89 439 218 510 Auferat,
230 450 257 491 et
267 441 352 491 vestri
361 451 443 508 rapta
454 442 572 492 mercede
583 441 689 502 laboris,

90 509 254 579 Lauriferos
264 512 336 562 nullo
348 511 489 562 comitetur
499 513 606 562 uulnere
618 513 734 561 currus?-

96 576 148 628 Vas
158 581 292 644 despecta,
303 595 387 640 senes,
398 579 581 646 eabaustaqae
591 579 723 647 sanguine
733 579 815 631 turba

92 645 215 698 Cernetis
225 657 339 711 nostros,
351 649 405 700 iam
411 648 488 715 plebe
497 647 630 712 Romana,
641 648 797 715 triumphos.

92 714 219 767 Caesaris
231 733 266 769 an
277 733 369 768 careas
379 726 485 769 cestrae
495 717 594 769 sentire
601 719 709 786 putatis
831 717 881 768 335

88 783 228 839 Damnum
234 802 313 852 posse
318 786 428 857 fugae?
446 787 537 848 aelati,
549 786 572 837 si
584 788 675 839 cuncti
686 787 821 838 utinentur

87 851 225 917 Flumina,
240 872 302 922 quos
313 856 425 907 miscent
432 857 541 924 pelago,
552 856 694 908 subducere
700 858 802 927 fantes,

89 928 149 981 Non
160 924 248 993 tnagis
259 924 356 975 ablatis
366 941 491 990 amquam
503 926 671 977 descenderet
681 942 788 993 aequor,

90 993 366 1058 Quantnunccreseit‚
376 994 462 1061 aquis.
482 994 823 1061 Anoosmomentapatatis

91 1063 153 1115 Ulla
165 1063 265 1114 dedisse
275 1063 358 1114 mibi?
386 1062 539 1128 Numquam
550 1061 588 1112 sic
598 1079 663 1115 ctera
674 1065 779 1113 deornm
833 1063 882 1114 340

89 1135 123 1186 Se
130 1133 243 1200 proruit,
254 1142 285 1183 ut
297 1142 401 1185 restrae
412 1131 503 1193 morti,
514 1140 670 1197 vestraeque
681 1131 762 1182 saluti

87 1202 163 1254 Pata
184 1211 288 1253 nocent.
318 1200 463 1253 Procerum
484 1210 570 1251 motas
591 1197 656 1250 baec
671 1209 770 1250 cuncta
787 1217 825 1250 se·

563 1277 689 1333 quantur.

88 1338 246 1390 Humanum
254 1339 352 1406 paucis
364 1339 430 1389 aicit
439 1354 533 1406 genus.
564 1336 645 1390 Orbis
656 1337 730 1388 Iberi
777 1339 780 1345 '

88 1406 198 1458 Horror
208 1418 235 1458 et
245 1407 343 1460 Arctoi
352 1417 411 1459 nost
415 1425 444 1459 ro
455 1407 501 1457 sab
513 1406 616 1458 nomine
627 1406 709 1468 miles,

88 1476 218 1543 Pompeio
230 1487 301 1528 certe
312 1478 423 1545 flegeres
435 1478 507 1528 duce.
536 1475 628 1527 Fortis
638 1475 667 1527 in
677 1476 760 1527 armis
831 1476 892 1528 345.

90 1544 231 1597 Caesareis
241 1547 376 1599 Labienus
387 1556 461 1598 erat:
471 1562 549 1608 nunc,
561 1546 710 1616 transfuga
721 1547 789 1607 uilis,

90 1612 157 1666 Cum
169 1616 232 1667 dare
240 1619 365 1681 praelato
377 1626 465 1667 terras
475 1625 555 1680 atque
567 1632 684 1682 aequora
697 1618 806 1667 lustrat.

90 1682 150 1736 Nec
160 1685 254 1737 melior
264 1685 329 1736 mibi
338 1685 512 1754 aestrafldes,
523 1686 547 1736 si
558 1686 625 1738 bello
637 1702 683 1737 nec
693 1685 767 1737 itoste

89 1752 145 1805 Nec
156 1754 221 1805 duce
237 1771 277 1805 me
291 1756 398 1824 geritis.
432 1754 559 1821 Quisquis
576 1771 634 1806 ritca
649 1754 730 1822 sigua
746 1755 826 1806 reliu-

566 1824 635 1890 quit,

93 1892 147 1944 Nec
159 1891 329 1959 Pompeianis
340 1892 427 1944 tradit
437 1908 486 1944 saa
493 1894 621 1960 partibas
634 1908 721 1954 artua,
836 1890 887 1942 350

92 1961 147 2011 Hic
157 1978 298 2029 numquam
309 1965 365 2012 oalt
375 1977 428 2012 esse
440 1978 519 2012 meus.
549 1963 619 2014 Sunt
629 1961 681 2012 istu
690 1961 816 2032 prosecta

94 2028 184 2080 Curae
195 2040 287 2082 castra
300 2031 364 2092 deis,
376 2030 421 2096 qui
432 2047 472 2080 me
484 2033 649 2082 committere
662 2030 756 2091 tantis,

92 2097 152 2151 Non
162 2100 216 2151 nisi
227 2108 330 2149 mmato
341 2103 483 2150 notuerunt
493 2100 587 2162 milite,
598 2099 680 2148 bellis.

91 2168 163 2230 Heu,
175 2166 736 2234 quantumFortunabussecrisiampondere
742 2164 826 2234 sessis

93 2237 230 2289 ,incolitur
240 2238 320 2288 onus!
341 2237 485 2302 sperantes
495 2237 584 2287 omnia
596 2237 708 2286 dextras
835 2233 888 2284 355

92 2307 247 2358 Exarmare
259 2307 348 2367 datur,
360 2306 454 2372 quibus
466 2303 509 2354 bic
519 2323 570 2355 non
582 2302 686 2370 sufficit
698 2304 775 2356 orbis.

38 2410 40 2414 ι
93 2376 151 2426 Iam
165 2385 236 2428 certe
248 2374 313 2425 mibi
326 2376 391 2426 bella
400 2390 510 2440 geram:
530 2374 656 2425 discedite
667 2373 774 2436 castris,

38 2478 41 2483 >
96 2444 208 2495 Tradite
220 2454 313 2496 nostra
323 2444 391 2495 viris
401 2443 495 2512 ignari
506 2442 585 2510 signa
598 2442 725 2505 Quirites.

93 2515 129 2565 m
135 2529 248 2580 paucos,
261 2514 355 2579 quibas
366 2513 432 2563 baec
443 2512 532 2563 rabies
543 2512 696 2563 auctoribus
708 2513 786 2575 arsit,

93 2582 155 2635 Nan
169 2581 278 2645 Caesar,
291 2584 336 2633 sed
341 2599 426 2649 poena
439 2591 519 2634 tenet.
540 2581 711 2633 Procumbite
722 2591 826 2635 terrae:
837 2579 893 2632 300.

36 2691 40 2700 ,
96 2652 265 2720 Infidumque
278 2651 555 2771 copietseriendaque
566 2651 667 2703 tendite
680 2653 755 2703 cotta.

31 2781 35 2790 ,
91 2720 135 2772 Et
147 2731 184 2782 ta,
197 2738 247 2788 qao
257 2724 311 2772 solo
323 2730 366 2772 sta
385 2729 433 2772 unt
444 2720 498 2771 iam
511 2719 604 2772 robore
616 2730 716 2782 castro,
