1956 3106
208 153 242 204 96
382 152 419 200 Μ.
455 149 554 199 ANN.
590 149 768 200 Lucani

209 270 393 339 Securumque
405 284 507 329 nemus,
519 271 632 319 veritam
645 285 672 319 se
685 269 797 320 credere
807 268 924 323 Phoebo

208 341 399 392 Prodiderant.
429 336 518 387 Sentit
527 339 649 404 tripodas
662 354 779 400 cessare,
793 339 957 407 furensque*

209 412 324 477 Appius:
341 408 380 458 El·
391 407 465 458 notis
478 407 589 458 meritur
601 407 681 467 datis,
692 407 785 474 impia,
794 424 908 474 poenus,

208 480 246 530 Er
260 479 377 545 ruperia,
389 492 452 543 quos
457 476 554 544 fingis,
568 478 620 538 ait,
632 477 685 527 niti
695 477 825 544 mergeris
837 478 936 541 antris,

151 549 199 598 loo
210 548 303 613 Deque
315 547 385 597 ordis
397 545 499 610 trepidi
510 554 587 597 tanto
598 549 719 597 consrrlta
730 548 849 597 tumultu

207 616 316 669 Desinis
328 617 387 682 ipsc
400 615 480 681 loqui.
511 614 634 665 Tandem
647 616 797 665 conterrita
806 617 885 684 virgo

210 685 377 752 Coniugitad
383 684 515 749 tripodas,
526 685 662 752 vastisque
674 683 792 735 abducta
799 687 923 736 cavernis

208 756 312 815 Haesit,
325 759 353 804 et
362 754 469 803 insueto
481 754 607 819 concepit
618 759 730 819 pector'e
742 768 849 816 numen,

210 824 287 885 Quod
300 839 353 872 non
365 820 515 872 exhaustae
526 837 574 888 per
584 828 627 871 tot
635 824 689 872 iam
701 822 812 873 saecula
822 825 899 889 rupis

152 894 198 944 too
210 894 325 959 Spiritus
334 892 448 959 ingessit
458 893 527 955 vati;
545 892 708 958 tandemque
719 893 823 958 potitus

209 964 326 1013 Pectore
338 959 480 1021 Cirrhaeo,
492 975 545 1010 non
557 976 683 1027 umquam
695 961 800 1027 plenior
813 966 889 1012 artus

207 1030 371 1083 Phoebados
382 1031 480 1094 irrupit
490 1030 595 1079 Paean:
614 1036 785 1098 mentemque
795 1031 915 1096 priorem

208 1101 332 1168 Expulit,
346 1105 426 1167 atque
439 1099 574 1153 hominem
585 1104 645 1148 toto
657 1098 707 1148 sibi
719 1099 817 1150 cedere
825 1101 906 1151 iussit

208 1172 335 1222 Pectore.
363 1168 520 1219 Bacchatur
533 1169 644 1219 demens
656 1167 745 1218 aliena
754 1183 805 1235 per
815 1175 924 1219 antrum

151 1242 198 1290 itu
211 1241 286 1290 Colla
296 1238 386 1290 ferens
393 1277 400 1301 ,
412 1240 548 1305 vittasque
559 1238 616 1298 dei,
627 1235 809 1305 Phoebeaque
820 1244 896 1289 serta

208 1311 315 1360 Erectis
327 1309 449 1358 discussa
463 1308 561 1370 comis,
574 1322 623 1372 per
632 1306 724 1357 inania
733 1306 828 1373 templi

208 1379 324 1445 Ancipiti
337 1379 442 1428 cervice
451 1382 539 1438 rotat,
552 1377 710 1443 spargitque
720 1377 829 1443 vaganti

211 1446 500 1511 Obstantestripodas,
513 1461 666 1512 magnoque
679 1451 823 1497 exaestuat
832 1447 900 1514 igni,

210 1518 312 1567 lratum
324 1521 364 1576 te,
376 1515 501 1574 Phoebe,
514 1514 612 1564 ferens.
640 1513 698 1565 Nec
710 1514 823 1566 verbere
835 1515 896 1567 solo

153 1586 200 1635 175
212 1587 301 1654 Uteris
311 1591 339 1634 et
349 1584 471 1646 stimulis,
484 1582 658 1648 flammasque
670 1586 696 1633 in
709 1586 815 1634 viscera
824 1587 934 1654 mergis.

210 1656 315 1720 Accipit
327 1661 355 1703 et
366 1652 488 1704 ii‘aenos:
508 1667 559 1702 nec
569 1658 674 1702 tantum
687 1654 804 1719 prodere
815 1655 884 1718 rati,

212 1725 348 1784 Quantum
359 1724 437 1782 scire,
450 1723 523 1773 licet.
541 1721 625 1772 Venit
635 1730 712 1774 aetas
725 1724 811 1774 omnis
821 1723 850 1774 in
860 1726 945 1774 tinam

212 1793 382 1860 Congeriem:
394 1793 574 1858 miserumque
586 1798 712 1857 premunt
722 1797 764 1842 tot
775 1792 887 1844 saecula
898 1807 944 1861 pe·

682 1868 750 1913 ctus.
884 1900 888 1907 .

212 1933 302 1980 Tanta
315 1935 392 1995 patet
403 1945 492 1979 rerum
505 1932 603 1992 series,
616 1937 697 1998 atque
710 1947 789 1982 omne
800 1930 925 1983 futurum

149 2003 200 2052 tao
211 2000 311 2051 Nititur
320 2001 347 2049 in
359 1999 460 2050 lucem:
479 2015 628 2066 vocemque
638 2003 760 2067 petentia
769 2000 841 2052 iata.

132 2118 137 2127 ,
209 2070 376 2120 Luctantur:
395 2084 450 2119 non
460 2070 548 2134 prima
560 2070 631 2133 dies,
643 2087 695 2121 non
707 2071 802 2120 ultima
812 2070 916 2134 mundi,

122 2138 126 2144 ’
208 2140 269 2191 Non
281 2138 377 2190 modus
389 2139 505 2200 Oceani,
518 2155 645 2191 numerus
657 2156 710 2190 non
721 2140 816 2190 deerat
828 2154 939 2191 arenae.

210 2209 287 2260 Talis
296 2210 323 2258 in
334 2208 458 2259 Euboico
470 2215 547 2259 vates
559 2210 680 2260 Cumana
691 2224 810 2271 recessu,

208 2279 352 2346 indignata
361 2294 438 2329 suum
448 2278 539 2327 multis
554 2279 655 2329 servire
666 2278 785 2328 furorem

147 2350 198 2399 485
212 2347 358 2409 Gentibus,
370 2362 405 2398 ex
415 2354 493 2398 tanta
502 2346 621 2397 fatorum
632 2355 723 2414 strage
735 2346 853 2413 superba

210 2418 354 2482 Excerpsit
364 2417 488 2467 Romana
497 2432 587 2466 manu.
617 2414 661 2467 Sic
673 2417 752 2483 piena
762 2417 873 2468 laborat

208 2486 366 2538 Phemonoe
376 2485 499 2547 Phoebo,
512 2485 574 2535 dum
583 2491 620 2546 te,
633 2487 772 2536 consultor
783 2487 874 2552 operti
941 2490 944 2495 '

210 2557 328 2606 Castalia
338 2555 434 2606 tellure
448 2555 500 2617 dei,
516 2555 562 2604 rix
572 2557 686 2617 invenit,
697 2556 774 2623 Appi,
965 2608 968 2625 Ι

208 2627 283 2676 inter
293 2624 352 2675 fata
362 2626 407 2676 diu
419 2638 552 2692 quaerens
563 2630 619 2675 tam
629 2640 729 2694 magna
738 2625 879 2678 latentem.

147 2693 199 2746 ⁴19⁰
212 2693 330 2761 Spumea
339 2699 405 2745 tunc
414 2695 530 2760 primum
542 2694 631 2747 rabies
642 2709 744 2746 vesana
754 2709 864 2761 perora
