1956 3106
223 183 510 251 Prinassum.
546 184 726 245 arus„
796 184 830 235 or
889 194 891 205 ·

90 302 199 366 Effluit,
213 308 242 354 et
252 304 382 370 gemitus,
395 308 423 353 et
433 301 531 354 anhelo
545 304 619 353 clara
628 309 720 354 meatu

86 375 246 424 Murmura:
264 379 330 440 tunc
340 379 462 421 moestus
474 373 559 422 vastis
569 372 687 422 ululatus
696 374 724 421 in
735 373 827 434 antris,
887 416 890 420 .

89 444 291 509 Extremaeque
302 438 519 502 sonant‚domita
528 443 583 490 iam
593 441 710 507 virgine,
721 456 817 491 voces:
886 476 889 479 -

88 526 247 561 aaruors
269 522 458 572 suasurus,
475 523 582 560 ωτι
599 523 827 560 urscnrurnrs

564 591 717 640 uxum,

89 664 291 710 pannonum,
309 663 325 697 ο
343 662 626 712 nouaua‚u1nss=
644 661 825 702 souusouu

564 731 722 773 striarum
836 716 885 767 195

91 801 235 838 nuuorcr
257 788 369 837 v'asra
387 800 541 837 trauains
562 801 745 837 conrasas
766 801 820 836 ra·

564 871 678 907 saara

90 928 208 977 Caetera
217 926 380 992 subpressit,
393 924 540 992 faucesque
551 926 686 977 obstruxit
695 927 800 992 Apollo,

143 996 276 1059 Custodes
287 995 409 1060 tripodes
422 994 550 1056 fatorum,
562 1010 716 1061 arcanaque
723 996 824 1056 mundi,

90 1066 187 1132 Tuque
199 1070 296 1130 potens
307 1065 372 1125 reri,
386 1065 492 1124 Paean,
504 1064 659 1131 nullumque
671 1064 755 1116 futuri

90 1135 227 1209 Asuperis
239 1134 327 1184 celate.
338 1134 422 1196 diem,
435 1146 563 1197 suprema
572 1133 674 1183 ruentis
836 1134 886 1183 200

90 1203 214 1268 Imperii,
227 1218 376 1268 caesosque
384 1201 481 1261 duces,
493 1206 520 1250 et
531 1199 628 1250 funera
640 1217 743 1269 regum,

90 1274 128 1322 Et
138 1278 182 1321 tot
191 1273 219 1320 in
231 1273 365 1335 Hesperio
377 1271 512 1336 collapsas
522 1271 652 1336 sanguine
663 1277 758 1337 gentes

92 1343 146 1390 Cur
158 1342 263 1404 aperire
275 1339 372 1390 times?
389 1341 429 1389 An
441 1338 559 1389 nondum
571 1341 681 1389 numina
691 1344 797 1389 tantum

91 1411 248 1459 Decrevere
259 1406 354 1458 netas?
373 1415 400 1458 et
412 1406 501 1459 adhuc
513 1407 698 1458 dubitantibus
712 1409 792 1458 astris

91 1479 215 1544 Pompeii
227 1478 356 1529 damnare
368 1486 463 1544 caput,
477 1482 519 1527 tot
527 1476 585 1528 fata
595 1476 739 1529 tenentur?
838 1479 887 1527 205

90 1548 215 1600 Vindicis
228 1547 261 1598 a'n
272 1548 352 1614 gladii
366 1547 486 1609 facinus,
499 1562 656 1615 poenasque
668 1546 777 1611 furoris,

90 1621 239 1687 Regnaque
252 1619 285 1669 ad
297 1617 507 1668 ultoresiterum
518 1617 661 1669 redeuntia
669 1617 781 1679 Brutos,

91 1691 128 1739 Ut
139 1695 236 1755 pergat
245 1686 365 1749 fortuna,
378 1685 472 1739 tacesi

463 1759 542 1808 Tunc
555 1762 667 1823 pectore
678 1757 748 1806 vatis

92 1830 231 1894 impactae
243 1841 350 1878 cessere
362 1825 445 1887 fores,
458 1827 622 1893 expulsaque
634 1826 741 1892 templis

89 1898 236 1948 Prosiluit:
255 1901 360 1963 perstat
370 1895 474 1958 rabies3
485 1910 535 1945 nec
547 1901 646 1945 cuncta
654 1895 773 1956 locutae,
838 1893 889 1943 210

93 1968 180 2026 Quem
191 1980 245 2014 non
257 1965 354 2024 emisit,
366 1971 491 2029 superest
503 1963 577 2015 deus.
606 1964 655 2015 illa
665 1962 773 2014 feroces
830 1970 832 1975 ’

90 2038 218 2100 'Forquet
230 2031 318 2082 adhuc
330 2033 433 2093 oculos,
444 2038 558 2099 totoque
570 2034 698 2100 vagantia
710 2033 787 2083 coelo

92 2105 219 2164 Lumina,
231 2117 302 2151 nunc
313 2100 387 2149 vultu
400 2101 507 2166 pavido,
518 2117 589 2152 nunc
598 2109 678 2153 torva
689 2103 801 2151 minaci:

91 2173 157 2225 Stat
166 2185 312 2238 numquam
324 2169 422 2220 facies:
434 2169 518 2220 rubor
528 2172 623 2237 igneus
634 2171 722 2219 inficit
733 2183 790 2228 ora,

56 2241 58 2245 ’
91 2243 276 2308 Liventesque
288 2253 385 2307 genas:
403 2253 463 2299 nec,
475 2239 520 2304 qui
531 2240 602 2288 solet
612 2254 671 2289 esse
684 2238 799 2299 timenti,
835 2237 886 2286 215

93 2312 235 2364 Terribilis
248 2310 295 2362 sed
308 2309 396 2376 pallor
406 2309 491 2358 inest:
503 2323 554 2358 nec
566 2306 640 2358 fessa
650 2308 792 2374 quieseunt

93 2382 197 2432 cordat
209 2381 257 2432 sed
268 2385 300 2430 ut
309 2379 428 2429 tumidus
438 2378 545 2428 Boreae
557 2383 619 2443 post
625 2376 734 2426 flamina
743 2379 842 2443 pontus

92 2451 187 2501 Rauca
197 2451 294 2518 gemit;
307 2450 346 2499 sic
358 2453 433 2497 muta
443 2447 535 2497 levant
545 2448 663 2513 suspiria
674 2451 773 2496 vatem.

92 2520 219 2586 Dumque
231 2535 248 2568 a
257 2520 318 2569 luce
331 2533 418 2578 sacra,
430 2531 484 2584 qua
493 2515 560 2567 vidit
571 2516 636 2577 fata,
649 2514 766 2566 refertur

92 2589 133 2639 Ad
144 2588 255 2655 vulgare
265 2588 352 2650 iubar,
363 2587 469 2638 mediae
481 2601 579 2638 venere
589 2585 729 2636 tenebrae.
837 2583 888 2634 220

92 2659 208 2708 Immisit
219 2656 341 2725 Stygiam
353 2658 444 2707 Paean
451 2658 479 2706 in
489 2657 595 2707 viscera
605 2653 721 2717 Lethen,

90 2727 155 2788 Quo
166 2733 276 2793 raperet
286 2731 394 2778 secreta
404 2726 493 2777 deum.
523 2728 601 2777 Tunc
613 2731 725 2794 pectore
736 2737 830 2775 verum

127 2796 303 2847 Lucanus.
656 2794 680 2846 G
