1956 3106
196 177 230 228 50
370 177 407 226 Μ.
442 176 542 228 ANb.
578 176 755 228 LUCANI

196 297 289 347 Lucus
300 300 359 346 erat
368 290 450 362 longo
462 311 607 362 numquam
617 296 733 346 'violatus
745 296 777 346 ab
791 309 868 358 aero,

135 367 187 416 400
198 365 349 416 Obscurum
362 365 471 431 cingens
482 366 610 415 connexis
621 381 685 416 aera
695 366 785 425 ramis,

195 435 233 486 Et
243 434 347 502 gelidas
359 433 412 483 alte
423 433 555 483 submotis
565 434 666 484 solibus
676 433 793 483 umbras.

195 504 276 554 Hunc
287 519 340 552 non
352 501 485 552 ruricolae
492 502 588 564 Panes,
600 518 791 569 nemorumque
804 506 935 567 potentes

196 571 296 623 Silvani
309 569 505 637 Nymphaeque
516 578 618 633 tenent,
630 572 677 622 sed
688 571 805 621 barbara
816 571 869 620 ritu

196 641 282 693 Sacra
293 641 382 701 deum,
393 645 514 690 structae
525 640 590 690 diris
603 641 732 690 altaribus
744 655 820 701 arae3

133 711 185 762 405
198 712 344 776 Omnisque
355 707 478 759 humanis
489 707 606 759 lustrata
616 709 757 759 cruoribus
768 707 857 758 arbos.

196 779 224 830 Si
236 794 288 845 qua
300 779 379 827 fidem
390 778 489 827 meruit
500 792 613 844 superos
624 780 723 828 mirata
732 783 862 838 vetustas,

195 849 250 899 lllis
262 853 289 896 et
300 847 424 896 volucres
434 852 558 897 metuunt
567 848 693 897 insistere
704 847 795 907 ramis,

197 918 234 966 Et
243 915 478 965 lustrisreeubare
490 914 578 966 ferae:
592 931 642 966 nec
652 921 749 965 ventus
759 916 786 965 in
796 914 856 964 illas

196 984 322 1036 Incubuit
333 984 422 1046 silvas,
436 999 604 1052 excussaque
614 985 729 1035 nubibus
740 985 805 1034 atris

134 1056 186 1106 410
196 1054 330 1121 Fulgura:
342 1069 395 1104 non
407 1053 467 1104 uliis
477 1052 601 1104 frondem
613 1053 805 1122 praebentibus
815 1052 896 1112 auris,

196 1123 344 1174 Arboribus
356 1121 420 1173 suus
431 1120 530 1173 horror
540 1125 619 1174 inest.
644 1125 714 1173 Tum
725 1123 839 1187 piurima
849 1121 938 1187 nigris

195 1189 933 1260 Fontibusundaeadit,simulacraquemoestadeorum

196 1264 262 1312 Arte
274 1267 377 1323 carent,
390 1262 531 1329 caesisque
543 1269 638 1313 extant
648 1261 776 1311 informia
786 1259 897 1309 truncis.

76 1388 78 1395 y
196 1333 258 1397 lpse
271 1331 348 1393 situs,
359 1332 486 1398 putrique
497 1330 565 1381 facit
575 1333 629 1381 iam
640 1331 739 1380 rubore
751 1328 837 1395 pallor

135 1399 188 1450 415
199 1401 349 1450 Attonitos:
365 1415 421 1448 non
430 1399 547 1466 vulgatis
557 1406 667 1450 sacrata
677 1400 769 1466 figuris

197 1469 314 1519 Numina
324 1469 364 1518 sic
375 1474 510 1517 metuunt:
526 1475 632 1518 tantum
644 1468 793 1533 terroribus
805 1465 889 1527 a'ddit,

199 1539 274 1598 Quos
286 1537 401 1586 timeant
412 1551 465 1585 non
477 1551 557 1586 nosse
569 1537 643 1586 deos.
673 1538 728 1585 lam
743 1535 817 1586 fama
827 1533 937 1585 ferebat

197 1605 286 1670 Saepe
298 1621 379 1654 cavas
389 1610 465 1654 motu
477 1610 566 1654 terrae
576 1605 681 1671 mugire
693 1620 832 1665 cavernas,

196 1676 233 1725 Et
244 1674 454 1739 procumbentes
465 1675 563 1723 iterum
577 1689 741 1740 consurgere
753 1681 841 1735 taxos,

135 1747 187 1795 420
199 1745 237 1794 Et
246 1758 300 1792 non
314 1743 433 1793 ardentis
444 1741 548 1810 fulgere
557 1743 683 1793 incendia
694 1743 786 1804 silvae,

197 1812 362 1879 Roboraque
374 1811 513 1878 amplexos
525 1812 737 1864 circumfluxisse
748 1813 888 1863 dracones.

197 1882 259 1933 Non
269 1881 345 1932 illum
356 1881 430 1931 cultu
441 1882 532 1948 populi
545 1885 672 1948 propiore
683 1881 865 1949 frequentant,

198 1950 253 2002 Sed
265 1965 372 2001 cessere
383 1950 448 2001 deis.
468 1951 561 2000 Medio
575 1968 635 2001 cum
647 1950 772 2002 Phoebus
783 1952 809 2000 in
821 1966 872 2001 axe
884 1955 936 2012 est,

197 2022 252 2072 Aut
262 2020 367 2070 coelum
378 2034 432 2070 nox
444 2025 504 2070 atra
514 2027 597 2082 tenet,
609 2028 690 2087 pavet
700 2023 758 2086 ipse
771 2020 899 2069 sacerdos

137 2090 188 2142 425
200 2091 341 2152 decessus,
353 2089 543 2156 dominumque
555 2091 634 2141 timet
643 2089 808 2157 deprendere
818 2087 880 2136 luci.

249 2160 330 2209 Hanc
339 2159 416 2208 iubet
424 2159 544 2208 immisso
556 2160 648 2209 silvam
660 2157 834 2224 procumbere
845 2154 933 2203 ferro:

197 2228 269 2279 Nam
279 2228 368 2278 vicina
379 2230 464 2294 operi,
474 2229 600 2295 belloque
610 2230 714 2277 intacta
725 2226 813 2290 priore

199 2300 273 2349 Inter
284 2298 401 2348 nudatos
412 2298 503 2348 stabat
515 2298 673 2347 densissima
684 2299 796 2344 montes.

200 2365 255 2418 Sed
266 2365 352 2417 fortes
362 2373 498 2416 tremuere
510 2383 613 2426 manus,
624 2365 743 2428 motique
755 2361 872 2412 verenda

136 2436 189 2487 430
199 2437 345 2488 Maiestate
356 2437 419 2498 ioci,
431 2437 451 2485 si
464 2437 566 2485 robora
575 2449 654 2484 sacra
665 2433 785 2492 ferirent,

198 2507 229 2556 In
242 2522 291 2556 sua
301 2504 448 2555 credebant
459 2505 593 2555 redituras
603 2503 724 2552 membra
736 2517 853 2553 secures.

199 2574 349 2640 Implicitas
361 2590 459 2641 magno
471 2577 572 2624 Caesar
582 2578 693 2638 torpore
706 2569 833 2623 cohortes

199 2645 236 2694 Ut
247 2644 323 2704 vidit,
335 2645 436 2708 primus
448 2650 553 2708 raptam
564 2643 671 2693 vibrare
681 2643 824 2707 bipennem

137 2756 142 2775 ,
200 2714 296 2774 Ausus,
309 2721 336 2761 et
347 2714 447 2762 aeriam
461 2712 534 2761 ferro
545 2712 719 2776 proscindere
732 2726 869 2778 quercum,
