1956 3106
211 157 495 209 Piisssssnls.
531 158 620 208 LlB.
649 158 717 209 Vll.
780 156 832 208 159

97 276 302 344 Quemiugulat,
310 274 363 326 non
371 291 429 326 esse
437 284 551 341 patrem.
563 275 896 342 illorsnullaquereludsstl

95 347 186 413 Digna
201 361 250 396 sua
261 352 316 406 est,
333 344 473 410 nullosque
489 343 626 395 hominum
642 344 734 410 lugere
750 359 829 393 vaca·

569 428 637 461 mus.

93 481 154 534 Non
166 484 233 532 istas
245 481 340 531 habuit
350 496 456 548 pugnae
468 480 608 532 Pharsalia
620 486 722 546 partes,

96 553 170 612 Quas
182 551 251 601 aliae
263 551 368 600 clades:
381 550 440 600 'illic
452 565 500 616 per
510 550 569 599 fata
580 551 709 610 virorum,

93 621 148 671 Per
159 619 275 686 populos
286 617 330 669 hic
341 619 429 668 Roma
441 621 525 685 perit:
545 633 614 685 quae
625 618 718 668 militis
728 616 793 678 illic,

92 691 169 739 lllors
182 687 225 738 hic
237 690 325 755 gentis
338 694 409 737 erat:
429 689 538 756 sanguis
549 688 586 737 ibi
598 685 677 737 fluxit
688 684 822 746 Achaeus,
841 685 895 734 635

92 758 235 819 Ponticus,
246 758 386 822 Assyrius:
407 764 520 807 cunctos
533 754 647 806 haerere
660 770 772 806 cruores

92 828 241 888 Romanus,
252 827 408 892 campisque
419 832 495 876 vetat
507 827 665 887 consistere,
676 830 792 875 torrens.

91 897 182 947 Maius
191 895 225 945 ab
233 893 285 945 hac
293 896 360 956 acie,
369 910 448 961 quam
456 893 818 961 quodsuasaeculaferrcnt,

91 963 414 1030 Vulnushabentpopuli:
427 963 486 1030 plus
493 969 543 1026 est,
551 978 630 1031 quam
636 964 833 1029 ritasalusque‚

93 1034 173 1095 Quod
185 1035 267 1099 perit:
279 1035 306 1083 in
317 1039 406 1083 totum
413 1032 506 1082 mundi
515 1033 828 1099 prosternimus-aevum.
840 1029 896 1078 6116Ι

92 1104 219 1155 Vincitur
229 1100 271 1152 his
281 1102 378 1169 gladiis
391 1103 486 1163 omnis,
498 1115 567 1167 quae
578 1101 687 1160 serviet,
700 1105 786 1150 aetas.

91 1172 222 1222 Proxima
233 1172 296 1237 quid
308 1170 427 1231 suboles,
440 1175 487 1219 aut
496 1170 560 1235 quid
573 1183 696 1218 meruere
708 1172 825 1233 nepotes

91 1243 121 1290 ln
132 1254 245 1306 rognum
256 1237 349 1289 nascit
369 1238 465 1288 Pavidi
476 1255 537 1287 num
550 1238 682 1305 gessimus
695 1234 787 1285 armat

90 1310 223 1358 Teximus
236 1313 283 1356 aut
292 1306 416 1373 iugulosl
435 1307 520 1357 Alieni
533 1322 623 1372 poeno
632 1307 738 1356 timoris

89 1378 121 1426 ln
133 1381 228 1426 nostra
239 1377 345 1425 cervice
356 1376 442 1425 sedet.
461 1377 528 1425 Post
540 1373 643 1442 praelia
652 1377 724 1425 natis
838 1372 894 1422 615

90 1444 118 1495 Si
131 1445 277 1505 dominum,
290 1445 421 1508 Fortuna,
433 1444 527 1507 dabas,
539 1451 567 1494 et
576 1443 648 1494 bella
658 1444 788 1495 dedisses.

142 1515 199 1563 lam
210 1514 326 1580 Magnus
337 1516 467 1565 transisse
478 1514 553 1576 deos,
567 1514 743 1581 Romanaque
756 1513 815 1564 fata

90 1582 220 1634 Senserat
232 1583 339 1634 infelixs
358 1589 419 1634 tota
428 1585 473 1633 m'x
485 1584 562 1634 clade
575 1589 687 1633 coactus

88 1653 238 1703 Fortunam
250 1653 379 1703 damnare
392 1669 477 1704 suam.
497 1651 581 1704 Stetit
592 1668 692 1721 aggere
704 1653 792 1718 campi

88 1722 211 1782 Eminus,
222 1722 293 1772 unde
306 1737 399 1773 omnes
411 1737 520 1789 sparsas
532 1737 581 1788 per
592 1721 725 1773 Thessala
736 1737 800 1772 rura
835 1720 886 1771 656

88 1791 251 1855 Adspiceret
262 1790 362 1852 clades,
374 1805 443 1857 quae
453 1790 525 1840 bello
538 1792 665 1842 obstante
676 1792 807 1841 latebant.

89 1861 147 1909 Tot
157 1856 219 1907 telis
230 1872 279 1907 sua
289 1857 348 1908 fata
357 1859 423 1924 peti,
433 1863 478 1909 tot
487 1874 604 1925 corpora
616 1859 686 1919 fusa,

88 1930 127 1977 Ac
138 1932 233 1976 setam
245 1927 330 1975 multo
343 1933 501 1992 pereuntem
513 1931 642 1996 sanguine
654 1927 730 1976 ndis.

88 1995 157 2056 Nec,
169 1995 240 2044 sicut
251 2009 310 2045 mos
322 2001 365 2044 ost
376 1997 491 2058 miseris,
503 1995 615 2047 trahere
627 1997 718 2047 omnin
730 2009 823 2046 secum

87 2066 182 2116 Mersa
191 2064 275 2124 iurat,
287 2069 436 2130 gentesque
449 2080 514 2116 suae
527 2067 642 2116 miscere
653 2066 761 2114 ruinae:
834 2061 885 2112 655

88 2136 124 2184 Ut
136 2133 234 2183 Latiae
246 2139 310 2198 post
320 2147 349 2182 se
360 2133 434 2183 vivat
443 2149 507 2200 pars
518 2135 637 2184 maxima
646 2133 753 2193 turbae,

88 2202 223 2254 Sustinuit
233 2201 329 2269 dignos
341 2201 424 2252 etiam
436 2217 507 2252 nunc
518 2203 631 2252 credere
642 2202 713 2251 rotis

90 2272 250 2333 Coelicolas‚
260 2271 397 2337 volvitque
409 2271 449 2322 sui
462 2271 561 2321 solatia
571 2285 664 2321 casus:

88 2342 211 2403 Parcite,
224 2341 271 2402 ait,
282 2340 380 2406 sineri,
392 2350 502 2391 cunetas
509 2349 682 2406 prosternere
688 2347 800 2405 gentes.-

88 2412 185 2461 Stante
188 2419 278 2475 potest
286 2409 392 2470 inundo,
399 2408 538 2475 Romaque
545 2407 697 2474 superstite,
705 2406 823 2475 Magnus
833 2406 886 2459 666

87 2478 157 2530 Esse
168 2479 256 2529 miser.
277 2479 395 2546 Siplura
405 2478 500 2529 iuvant
514 2495 571 2529 mea
583 2481 702 2538 vulnero,
713 2476 813 2528 coniux

86 2549 139 2600 Est
151 2546 226 2606 milri,
237 2557 300 2599 sunt
309 2547 369 2600 nuti
376 2563 387 2608 ;
406 2547 527 2599 dedimus
537 2556 576 2598 sot
584 2545 704 2614 pignora
710 2543 794 2616 fatis.

89 2615 203 2667 Civiline
211 2631 310 2681 parum
322 2627 361 2667 est
373 2616 447 2678 bello,
458 2615 483 2667 ss'
494 2633 584 2685 meque
596 2633 716 2683 meosque

88 2685 208 2738 Obruit?
227 2685 342 2751 exiguae
353 2688 439 2737 clades
451 2702 549 2748 sumus,
563 2686 625 2742 orbe
637 2683 758 2738 remoto?
814 2734 819 2745 ,
843 2742 847 2750 Ι
