1950 3218
147 135 198 184 152
319 133 357 183 M.
394 130 499 183 ANN.
535 132 714 185 Lucle

147 255 252 319 Erepto
263 253 355 302 natale
366 251 445 302 feret.
474 252 553 301 Tunc
565 266 644 302 omne
654 252 785 305 Latinum

150 322 254 372 Fabula
264 336 363 372 nomen
374 322 438 371 erit:
459 320 725 388 Gabiosveiosque,
732 323 893 392 Coramque

148 391 264 442 Pulvere
274 393 320 441 iix
329 395 421 441 tectae
432 395 563 455 poterunt
573 397 725 442 monstrare
736 392 841 455 ruinae,

148 460 320 528 Albanosque
330 460 411 520 lares,
423 458 659 526 Laurentinosque
672 466 785 526 penates

88 529 139 579 395
150 530 206 581 Rus
217 545 343 590 vacuum,
355 527 427 595 quod
437 542 490 577 non
502 525 616 590 habitet,
627 530 678 580 nisi
685 535 766 581 noete
779 537 889 594 coacta,

150 600 262 662 imitus,
275 604 439 666 questusque
451 596 567 646 Numam
576 598 697 661 iussisse,
709 605 831 650 senator.

151 666 893 736 Nonnetashaeccarpsitedax,monimentaquererum

151 738 248 788 Putria
258 737 396 786 destituit:
416 736 517 785 crimen
529 736 607 786 civile
618 736 750 800 videmus,

151 808 207 856 Tot
218 820 319 854 vacuas
330 804 420 854 urbes.
441 804 556 855 Generis
568 820 621 871 quo
632 806 714 856 turba
725 807 840 859 redacta
846 816 890 858 est

89 877 141 925 400
153 872 290 925 Humanii
309 875 383 924 'l'oto
396 873 488 939 populi
500 874 545 940 qui
557 874 693 924 nascimur
704 876 782 937 orbe,

150 944 207 995 Nec
220 958 312 994 muros
322 943 434 1009 implere
445 943 518 1004 viris,
530 958 581 992 nec
591 958 734 1008 possumus
745 960 837 1012 agros.

151 1013 219 1064 Urbs
231 1028 281 1063 nos
292 1028 347 1062 nna
357 1013 444 1078 capit:
464 1012 556 1062 tincto
569 1011 675 1062 fossore
687 1014 815 1064 coluntur

151 1083 302 1149 Hesperiae
313 1088 435 1150 segetes:
455 1086 511 1131 stat
521 1083 603 1132 tectis
616 1083 703 1146 putris
715 1084 796 1133 avitis

150 1154 181 1203 in
193 1152 281 1203 nullos
292 1153 398 1202 ruitura
410 1150 518 1200 domus:
537 1150 664 1218 nulloque
675 1150 847 1218 frequentem

90 1218 140 1270 toa
152 1223 215 1273 Cive
228 1236 277 1272 suo
288 1222 411 1281 Romam,
425 1220 472 1270 sed
483 1220 574 1269 mundi
583 1219 663 1270 faece
675 1221 817 1286 repletam,

152 1291 241 1341 Cladis
253 1306 286 1341 eo
297 1290 430 1351 dedimus,
444 1305 478 1339 ne
489 1295 566 1339 tanto
578 1290 605 1339 in
616 1295 740 1355 tempore
750 1289 853 1340 bellum

152 1362 208 1410 iam
220 1365 315 1426 posset
326 1359 404 1409 civile
415 1359 482 1425 geri.
494 1417 497 1421 y
510 1357 653 1409 Pharsalia
664 1360 734 1409 tanti

152 1431 255 1480 Caussa
263 1428 336 1478 mali.
367 1428 479 1489 Cedent,
491 1426 587 1477 feralia
597 1429 715 1490 nomina,
727 1429 849 1489 Cannae,

150 1499 188 1548 Et
199 1498 329 1548 damnata
339 1496 385 1546 diu
395 1496 525 1546 Romanis
534 1497 604 1546 Allia
613 1496 701 1547 fastis,

88 1567 140 1616 410
153 1569 293 1632 Tempora
303 1565 420 1631 signavit
429 1564 559 1614 tenorum
572 1566 660 1616 Roma
669 1566 817 1617 malorum:

151 1635 232 1686 Hunc
242 1633 329 1682 voluit
339 1634 443 1682 nescire
454 1633 535 1682 diem.
565 1634 619 1684 Pro
631 1636 722 1685 tristia
732 1634 803 1685 fatal

150 1706 221 1754 Aera
232 1701 393 1769 pestiferum
404 1706 505 1764 tractu,
517 1704 681 1771 morbosque
693 1703 818 1766 fluentes,

151 1775 331 1839 Insanamque
342 1769 455 1832 famem,
469 1773 668 1842 permissasque
678 1774 786 1841 ignibus
796 1772 891 1837 urbes,

151 1843 316 1909 Moeniaque
326 1842 353 1890 in
365 1855 497 1906 praeceps
507 1841 612 1892 laturos
623 1843 703 1907 plena
713 1849 849 1895 tremores

90 1912 142 1963 415
152 1913 192 1963 Hi
202 1917 314 1979 possent
325 1909 434 1975 explere
443 1910 503 1971 riri,
514 1926 582 1976 quos
593 1913 711 1978 undique
721 1914 807 1963 traxit

152 1984 182 2032 ln
192 1982 318 2031 miseram
331 1980 453 2029 Fortuna
464 1994 568 2042 necem,
579 1981 642 2030 dum
653 1997 767 2031 munera
774 1981 851 2050 longi

152 2050 280 2117 Explicat
291 2050 407 2115 eripiens
420 2049 488 2109 aeri,
500 2051 669 2117 populosque
681 2051 819 2118 ducesque
834 2095 837 2099 .

154 2120 301 2171 Constituit
311 2119 427 2184 campis:
449 2133 498 2184 per
508 2134 575 2185 quos
586 2120 644 2181 tibi,
657 2120 753 2180 Roma,
764 2122 856 2171 ruenti
895 2171 902 2183 ,

51 2226 54 2231 -
153 2190 296 2251 Ostendat,
309 2204 389 2255 qnam
400 2202 499 2255 magna
513 2188 603 2238 cadas.
628 2190 688 2249 Quo
701 2188 783 2239 latius
794 2189 893 2242 orbem

90 2259 142 2308 420
153 2258 289 2319 Possedit,
301 2259 381 2307 eitius
392 2272 440 2321 per
451 2272 584 2323 prospera
594 2257 653 2308 fata
663 2258 792 2309 cucurrit.

152 2329 239 2378 Omne
250 2327 300 2377 tibi
311 2326 409 2376 bellum
421 2332 517 2392 gentes
528 2326 603 2376 dedit
613 2327 736 2377 omnibus
748 2328 839 2379 annis:

153 2399 195 2448 Te
205 2397 342 2465 geminum
354 2396 437 2444 Titan
448 2395 598 2460 procedere
609 2397 676 2446 vidit
685 2398 712 2445 in
724 2411 813 2447 axem.

152 2464 235 2516 Haud
247 2466 359 2515 multum
372 2470 462 2514 terrae
474 2465 590 2530 spatium
602 2464 725 2515 restabat
736 2466 823 2529 ane,

152 2535 189 2585 Ut
200 2535 249 2585 tihi
260 2548 324 2595 nox,
334 2534 384 2583 tibi
396 2538 457 2583 tota
467 2532 533 2594 dies,
546 2533 595 2583 tibi
607 2540 729 2584 curreret
739 2533 847 2599 aether,

90 2604 142 2654 425
155 2604 306 2669 Omniaque
318 2608 440 2653 errantes
452 2602 546 2652 stellae
557 2603 680 2653 Romana
689 2602 822 2656 riderent.

154 2672 207 2723 Sed
219 2676 292 2721 retro
304 2675 353 2719 tua
363 2671 421 2720 fata
431 2671 493 2720 tulit
504 2668 553 2738 par
565 2672 687 2721 omnibus
700 2674 778 2721 annis
