1956 3106
140 137 191 187 1⁶2
312 135 351 183 Μ.
386 130 704 183 instruens!

140 254 181 304 Ne
193 259 337 314 revocent,
354 252 490 370 pellatque
501 253 576 318 quies
589 257 722 300 nocturna
734 263 883 314 pavorem:

144 325 270 373 Protinus
281 320 352 371 hosti
366 323 371 333 “
385 323 481 371 statuit
491 320 638 370 succedere
650 319 729 379 sallo,

142 392 214 440 Dum
225 392 348 441 Fortuna
359 390 438 450 calet,
453 390 514 438 dum
528 390 640 439 conticit
651 388 743 437 oninia
751 392 854 450 terror,

82 460 134 508 ‘1:35
147 460 207 509 Non
220 462 331 520 veritus,
342 473 424 525 grave
436 473 470 508 ne
481 457 561 508 fessis
571 473 604 507 uc
614 458 703 507 Marte
714 457 836 507 subactis

144 530 206 579 Hoc
217 528 290 579 foret
301 528 452 591 imperium.
471 526 635 592 Nunmagno
644 524 887 576 hortaminemiles

144 600 173 647 ln
186 597 316 662 praedam
327 596 466 645 ducendus
478 601 551 644 erat:
576 594 697 645 Victoria
708 594 783 644 nolis

144 667 241 725 Plena,
252 663 315 724 uiri,
327 664 407 713 dixit:
428 672 549 729 superest
559 680 610 730 pro
618 663 751 730 sanguine
760 676 872 723 merces,

149 733 235 795 Quam
251 742 402 783 incastrare
415 749 501 783 meum
519 742 573 783 est:
591 731 761 798 nequeenim
780 734 886 783 donare

616 800 723 861 vocale,

84 872 135 918 740
149 869 225 930 Qicocl
235 869 286 919 stoi
297 870 407 936 quisque
418 870 503 922 dabit.
523 868 759 935 Canctisenplena
765 869 883 920 metallis

150 938 248 989 Castra
252 947 363 1004 patent:
374 950 482 1004 raptam
488 938 645 1006 Herperiise
651 937 885 1005 gentilataarum

147 1007 200 1058 Hic
211 1007 291 1069 iacet,
301 1007 428 1075 ansque
438 1018 564 1076 premant
575 1006 693 1059 tentoria
700 1022 796 1074 gazas.

150 1076 201 1127 Tot
211 1093 305 1144 regam
313 1076 438 1129 Fortuna
449 1078 528 1128 simul
537 1076 686 1146 Magnique
697 1084 794 1127 coacta

146 1147 297 1211 Exspectat
308 1147 440 1199 derainer:
457 1162 577 1213 propera
586 1146 756 1211 praecedere,
767 1145 853 1205 miles,

86 1216 136 1263 ‘145
150 1216 221 1275 (ticos
232 1215 365 1281 sequeris:
384 1232 562 1283 quascumque
574 1213 888 1283 taaslersaliasecit,

150 1286 172 1334 sl
184 1285 262 1334 eictis
274 1284 421 1350 rapiantur
432 1301 500 1351 opes.
528 1283 587 1334 Nee
598 1283 677 1349 plura
685 1283 804 1345 loeutus,

148 1353 254 1419 impulit
267 1361 389 1405 amentes
399 1355 511 1421 aurique
523 1353 647 1418 cupidine
660 1366 768 1413 caecos,

147 1425 189 1471 lre
201 1438 282 1488 super
292 1422 406 1489 gladios,
419 1436 554 1490 supraque
568 1422 703 1472 cadavera
714 1425 834 1488 patrum,
889 1478 893 1485 ¹

147 1492 182 1539 Et
195 1505 290 1540 caesos
302 1491 409 1541 calcare
421 1491 512 1541 duces.
544 1492 621 1551 Quae
631 1488 714 1552 fossa,
727 1490 788 1557 quis
798 1502 886 1556 agger

85 1560 135 1607 750
149 1558 288 1608 Sustineat
297 1561 415 1625 pretium
426 1560 490 1609 belli
502 1559 688 1626 scelerumque
699 1557 844 1626 petentes?

146 1627 223 1676 Scire
233 1626 334 1687 volant,
346 1634 449 1693 quanta
459 1627 559 1678 fuerint
569 1628 696 1678 mercede
707 1632 852 1679 nocentes.
876 1678 879 1683 .

145 1697 274 1745 lurenere
287 1696 394 1761 quidem
407 1697 523 1763 spoliato
534 1697 650 1763 plurima
660 1696 760 1747 mundo

145 1764 282 1814 Bellorum
296 1767 323 1814 in
334 1772 438 1816 sumtus
450 1772 597 1833 congestae
608 1766 732 1832 pondera
740 1779 866 1817 massae:
898 1778 906 1786 ·

147 1832 200 1884 Sed
211 1849 265 1885 non
275 1834 396 1898 implevit
408 1837 547 1901 cupientes
558 1838 649 1886 omnia
658 1840 772 1886 mentes.

85 1903 135 1952 755
150 1903 285 1969 Quidquid
296 1903 366 1953 fodit
376 1904 447 1966 lber,
459 1905 587 1972 quidquid
594 1903 802 1972 Tagusextulit,
813 1902 887 1965 auri,

149 1973 228 2032 Quod
240 1973 306 2039 legit
317 1974 391 2024 dives
401 1975 511 2024 summis
521 1975 677 2040 Arimaspus
688 1973 777 2023 arenis
862 1976 866 1983 '

147 2044 403 2108 Ut1·apiant‚parro
417 2042 505 2094 seelus
520 2041 572 2093 hoe
583 2045 687 2094 venisse
699 2042 845 2108 putabunt.

148 2113 213 2160 Com
224 2112 275 2160 sibi
287 2113 420 2177 Tarpeias
430 2113 519 2162 victor
529 2112 704 2178 desponderit
715 2126 803 2171 arces,

148 2182 213 2229 Cum
225 2196 272 2245 spe
282 2181 421 2231 Romanae
432 2183 587 2247 promiserit
598 2181 688 2231 omnia
699 2180 842 2246 praedae:'

86 2248 136 2298 iiiii
148 2249 300 2315 Decipitur,
312 2251 384 2315 quod
397 2257 487 2300 castra
497 2251 576 2316 rapit.
598 2251 676 2314 Capit
685 2250 770 2315 impia
779 2247 876 2314 plebes

148 2319 255 2382 Cespite
266 2319 381 2383 patricio
392 2334 515 2369 somnos:
534 2333 703 2386 vacuumque
714 2317 802 2368 cubile

147 2386 265 2452 Regibus
275 2384 403 2437 infandus
414 2387 490 2438 miles
507 2389 619 2453 premit:
637 2389 718 2455 inque
728 2370 898 2453 parentam?
911 2386 918 2395 '

148 2455 231 2521 lnque
243 2456 310 2505 toris
321 2455 436 2507 fratrum
448 2457 727 2524 posueruntmembra
736 2460 884 2507 nocentes:

150 2523 224 2582 Quos
235 2525 322 2591 agitat
331 2541 432 2577 resana
444 2526 528 2593 quies,
538 2528 680 2594 somnique
690 2525 814 2577 furentes
898 2552 901 2557 ·

87 2590 137 2640 765
150 2590 334 2646 Thessalicam
346 2597 438 2646 miseri
447 2601 558 2646 versant
567 2597 595 2645 in
605 2600 717 2662 pectore
728 2610 856 2662 pugnam.

146 2660 271 2727 invigilat
283 2665 387 2715 cunetis
399 2680 509 2716 saevum
519 2664 617 2727 scelus,
629 2679 758 2732 armaque
770 2669 833 2715 tota
