1956 3106
185 154 471 237 rusrs'surs.
507 187 596 237 urs.
620 187 672 238 rx.
749 187 801 239 sor

63 306 169 374 Turpe,
181 306 250 357 mori
256 315 320 374 post
331 315 357 356 te
369 308 423 356 solo
435 322 487 357 non
496 321 573 371 posse
585 305 682 357 dolore.
713 301 715 305 ’

60 376 106 428 Sic
117 375 164 427 ubi
174 374 242 438 fata,
255 380 338 441 caput
348 373 428 425 ferali
440 373 555 425 obduxit
566 375 676 438 amictu,

59 447 242 512 Decrevitque
253 445 312 510 pati
322 443 458 507 tenebras,
470 444 621 511 puppisque
634 444 757 494 caremis
808 446 859 494 llo

61 515 188 566 Delituit:
201 526 367 580 saevumque
378 519 453 563 orote
465 513 609 580 complexu
619 512 741 563 dolorem

62 583 216 635 Perfruitur
226 582 356 642 lacrimis,
368 588 397 632 et
408 588 538 649 amatpro
548 583 663 650 coniuge
669 581 782 631 luctum.
854 595 855 598 ¹

59 653 136 704 lllom
148 666 203 702 non
213 650 313 701 fluctus
323 651 494 718 stridensque
503 650 663 702 rudentibus
673 651 764 701 Eurus
783 698 784 701 ,

60 722 158 783 Movit,
169 727 197 771 et
208 735 357 788 exsurgens
369 720 404 771 od
415 735 522 771 summo
532 720 654 787 pericula
663 720 779 771 clamor:

61 791 189 857 Votoque
201 789 325 841 sollicitis
335 789 440 842 faciens
452 789 592 841 contraria
602 791 700 852 nautis,
808 789 859 838 115

63 859 222 926 Composita
230 859 259 910 in
269 864 385 910 mortem
398 860 495 919 iacuit,
506 856 628 925 fovitque
639 859 775 926 procellis.

115 929 208 980 Prima
217 934 305 979 rotem
317 929 424 995 Cypros
438 925 627 1045 spumospltibus
641 929 742 995 accipit
751 945 798 978 uu-

565 1013 591 1046 s:
714 1032 717 1037 ⁴

60 1067 128 1119 Inde
139 1074 235 1119 tenens
246 1066 375 1135 pelagus,
387 1065 436 1116 sed
445 1067 501 1115 iam
512 1065 690 1126 moderatior,
699 1066 790 1116 Eurus

61 1138 93 1188 ln
105 1137 228 1203 Libycus
241 1137 298 1203 egit
309 1135 402 1198 sedes,
414 1140 442 1186 et
454 1139 547 1186 costra
557 1134 678 1184 catonis.

61 1206 171 1268 Tristis,
182 1205 251 1255 utin
261 1204 347 1255 multo
358 1218 434 1254 mens
446 1209 488 1255 ost
498 1217 634 1271 procsoga
642 1203 751 1265 timore,
810 1205 861 1253 120

61 1274 195 1339 Adspexit
207 1273 311 1339 patrios
324 1273 438 1324 comites
449 1288 464 1323 e
474 1272 556 1324 litore
567 1272 694 1340 Magnus,

61 1344 99 1394 Et
110 1341 233 1392 fratrem:
245 1342 349 1393 medies
360 1357 493 1409 praeceps
503 1347 569 1392 tuno
579 1340 668 1391 fertur
678 1341 713 1391 od
723 1340 822 1392 undas:

61 1409 117 1461 Dic
127 1409 226 1473 ubisit,
235 1427 375 1479 germane,
383 1426 500 1478 pareus:
524 1419 581 1462 stat
591 1427 694 1462 summa
706 1421 801 1478 caput-

535 1495 585 1546 que

64 1547 155 1614 Orbis,
172 1566 208 1602 un
226 1548 390 1602 occidimus?
415 1548 591 1616 Romanaque
609 1546 728 1621 Magnus
750 1550 787 1602 ad

537 1621 646 1673 umbras

61 1689 201 1741 Abstulit?
220 1689 297 1739 Haeo
308 1687 395 1740 iotirr:
418 1705 496 1756 quem
509 1697 606 1741 contra
616 1691 682 1742 talio
692 1691 793 1745 irater:
813 1687 864 1745 1²5

64 1757 90 1810 0
96 1758 181 1829 felix,
194 1773 270 1823 quem
283 1757 352 1808 Fors
364 1757 434 1808 alias
448 1759 576 1824 dispersit
585 1760 613 1811 in
627 1777 697 1823 oras,

65 1825 170 1893 Quique
181 1826 260 1896 nesus
274 1827 366 1876 audis:
387 1829 485 1889 oculos,
495 1845 634 1895 germane,
643 1841 767 1883 nocentes

65 1897 193 1962 Spectato
201 1894 327 1963 genitore
332 1895 408 1965 fero.
427 1893 489 1946 Nou
503 1895 628 1949 Caesaris
640 1899 722 1950 aroris

65 1963 204 2025 Octobris,
215 1963 349 2030 dignoque
358 1962 433 2030 perit
444 1974 556 2017 auctore
566 1967 676 2018 resinae:

62 2034 138 2101 Rege
150 2032 197 2085 sub
208 2032 324 2098 impuro,
337 2032 455 2083 Nilotica
466 2050 532 2084 rura
545 2044 657 2097 tenente,
813 2039 864 2090 130

63 2102 185 2170 Hospitii
190 2103 285 2174 fretus
296 2101 408 2168 superis,
421 2110 447 2152 et
459 2119 567 2154 munere
578 2113 656 2155 tanto

62 2175 226 2240 inpressos,
237 2170 344 2233 cecidit,
356 2170 453 2222 donati
461 2170 573 2224 victima
584 2173 670 2241 regni.

68 2241 131 2295 Vidi
142 2259 191 2313 ego
203 2240 371 2308 magnanimi
381 2242 533 2292 lacerantes
541 2251 654 2308 pectora
661 2245 767 2310 patris:

65 2313 119 2364 Nec
129 2314 240 2365 credens
252 2309 384 2362 Pharium
395 2317 502 2362 tentum
511 2311 631 2379 potuisse
642 2321 795 2381 tyrannum,

64 2381 157 2434 Litore
168 2380 279 2434 Niliaco
290 2396 410 2433 socerum
421 2380 477 2432 iam
488 2389 563 2431 stare
571 2381 677 2448 putavi.
812 2384 862 2434 135

65 2450 120 2503 Sed
128 2468 167 2503 me
178 2467 226 2504 nec
237 2449 356 2521 sanguis,
366 2466 414 2503 nec
425 2458 532 2502 tantum
542 2454 652 2504 vulnera
664 2453 751 2506 nostri

65 2521 197 2592 Adfecere
209 2519 287 2582 senis,
298 2529 428 2586 quantum
439 2527 552 2590 gestata
560 2535 611 2586 per
622 2521 714 2573 urbem

66 2589 126 2644 Oro
137 2587 219 2651 discis,
229 2604 297 2653 quae
308 2589 442 2659 transfixo
452 2589 577 2641 sublimia
586 2590 644 2658 pilo

69 2658 204 2710 Vidimus:
223 2656 297 2720 isaer,
303 2659 385 2742 sarua
397 2670 444 2721 est,
456 2658 540 2710 oculis
551 2659 663 2711 victoris
673 2660 761 2728 iniqui

65 2728 178 2781 servari
184 2745 195 2789 ;
213 2731 371 2794 scelerisque
377 2730 461 2798 fidem
474 2729 607 2797 qsreesisse
619 2727 771 2798 &rourum
813 2735 865 2783 tto
