1956 3106
195 158 482 211 PHARSAlslA.
519 159 610 209 LlB.
629 160 717 211 Vlll.
773 161 825 214 119

92 280 260 345 Quamquam
272 295 323 329 non
336 277 384 329 ulli
391 279 454 344 plus
465 277 556 345 regia,
568 274 670 345 Magne
680 316 688 340 ‚
699 280 813 345 uocabit,

92 349 212 401 Saevitia
224 348 390 406 stimulante,
403 346 502 407 Vanus,
514 345 652 408 titulisque
662 347 787 400 uirorum.

91 418 161 470 Nam
174 434 224 482 qno
233 419 315 482 plura
327 415 419 467 iurent
431 414 566 466 Particum
572 425 717 481 portenta,
723 418 814 487 faisse

92 489 171 539 Hanc
181 487 246 536 sciet
259 494 285 534 et
298 482 404 534 Crassi:
415 501 462 534 ceu
471 485 576 550 pridem
588 483 677 534 debita
684 486 758 555 fatis
833 490 883 540 415

92 556 222 624 Assyriis,
234 552 356 603 trabitur
368 553 453 603 eladis
465 554 573 618 captiva
585 561 715 604 vetustae.

91 626 215 677 Haereat
224 621 299 673 ane
310 624 404 673 uulnus
415 621 563 672 miserabile
573 622 673 681 sortis;

92 694 154 745 Noa
165 695 247 742 solam
259 691 391 742 auxilinm
398 691 510 761 fisnesto
522 708 538 741 a
550 707 614 759 rege
622 691 729 757 petisse,

92 764 145 814 Sed
150 761 264 830 gessisse
272 760 350 826 prius
362 760 455 810 bellum
467 759 543 810 ciuile
550 759 672 825 pudebit.

93 832 159 882 ¹Yam
172 831 241 897 quod
248 827 682 896 apudpopuloscrinsensocesn'que
694 837 821 895 lunasque
832 832 884 880 420

91 901 182 952 Maius
193 899 260 960 erit,
273 915 350 965 quom
364 900 433 964 quod
440 936 448 960 ,
458 896 532 948 nobis
543 898 711 950 mittentibus
722 914 809 960 orma,

93 970 106 1019 l
112 973 249 1022 'russorum
261 968 378 1019 vindicta
387 967 482 1032 perit?
499 965 642 1018 Incurrere
653 969 743 1018 cuncti

91 1041 247 1090 Debuerant
258 1038 287 1088 in
296 1035 401 1087 Bactra
415 1036 492 1086 duces
502 1071 509 1096 ,
520 1046 545 1086 et
557 1053 588 1087 ne
599 1053 650 1101 qua
661 1046 790 1089 uacarent

89 1111 188 1169 Arnas,
197 1110 239 1157 oel
250 1106 379 1156 Arctoam
392 1104 490 1165 Dacis,
502 1103 639 1167 Rhenique
650 1104 766 1154 catervis

90 1177 202 1244 Imperii
210 1176 311 1227 nudare
322 1177 410 1235 lotus,
422 1175 485 1224 dans
492 1171 600 1239 perfida
612 1171 681 1222 Susa
831 1176 882 1226 425

91 1248 123 1298 ln
135 1247 248 1298 turnulos
258 1246 387 1309 prolapsa
400 1243 485 1293 oimlm
492 1278 500 1302 ,
509 1240 682 1309 Babylonque
693 1239 821 1293 iacerent.

91 1315 219 1381 Assyriae
227 1313 291 1378 paci
297 1311 395 1378 finem,
406 1311 541 1371 Fortuna,
550 1327 710 1377 precamur:

92 1384 129 1433 Et
142 1384 164 1432 si
181 1380 333 1431 Tlsassaline
345 1381 439 1432 bellum
450 1381 525 1431 ciuile
534 1390 677 1446 peractum
688 1388 735 1441 est,

91 1454 134 1502 Ad
145 1449 273 1511 Partbos,
286 1449 332 1518 qui
343 1449 419 1510 aicit,
430 1459 483 1501 eat·
506 1450 577 1502 Gens
589 1450 668 1500 urtica
680 1449 773 1501 manas·
783 1458 833 1514 est,

91 1521 134 1574 De
146 1538 199 1587 qua
213 1519 351 1572 Caesareis
358 1519 458 1586 possim
467 1520 587 1588 gandera
599 1517 753 1584 triumpbis.
832 1518 884 1570 430

92 1592 149 1644 Non
161 1590 228 1652 tibi,
240 1606 299 1642 eum
306 1590 427 1658 gelidum
437 1590 555 1656 primam
567 1589 693 1641 transibis
704 1588 824 1653 Araxen,

94 1662 191 1713 [Τηιόνα
204 1661 271 1711 senis
283 1660 375 1710 moesti
386 1658 518 1727 Scyllaeis
529 1658 636 1727 confixa
645 1656 757 1727 sagittis

92 1732 200 1797 lugeret
212 1729 258 1779 lias
270 1731 360 1780 oocesl
383 1728 438 1789 Tu,
450 1745 524 1796 quem
533 1737 596 1795 post
602 1728 706 1799 funera
717 1737 810 1780 nostra

94 1801 211 1849 Ultorem
223 1796 341 1848 cinerum
352 1799 437 1848 nudae
448 1798 611 1863 speravimus
623 1796 740 1857 arrabone,

90 1867 238 1936 Adsoedus
248 1881 391 1931 poscensque
402 1866 491 1917 aenis?
514 1864 589 1917 Tunc
597 1865 718 1931 plurima
732 1865 815 1916 cladis
833 1865 885 1916 435

94 1936 246 1986 llccurrent
258 1934 420 1986 monimenta
434 1935 498 1985 tibi:
510 1950 578 1998 quae
589 1933 694 1985 soloenia
707 1933 799 1984 trunci

91 2005 258 2054 lsssstrarnut
272 2002 373 2053 ceruice
384 2004 474 2063 duces,
487 2003 531 2054 nbi
542 2001 650 2054 aomina
662 2010 742 2053 tanto

93 2072 193 2123 Obruit
203 2070 371 2137 Euphrates,
382 2081 407 2122 et
418 2082 511 2123 nostra
521 2073 654 2122 cadauera
668 2069 762 2136 Tigris

92 2141 202 2193 lletulit
212 2141 241 2192 in
254 2151 356 2201 terras,
367 2156 400 2191 ac
411 2139 534 2191 redulitlit.
564 2138 609 2189 Ire
617 2155 667 2204 per
677 2138 730 2189 isto

92 2213 122 2264 Si
130 2221 223 2280 potes,
240 2210 268 2263 in
284 2210 371 2261 rosella
388 2225 506 2260 socerum
517 2223 635 2273 qaoque,
653 2205 771 2275 Magne,
787 2223 825 2258 ss·

566 2277 667 2328 dentem
833 2279 884 2327 tto

95 2349 236 2402 'l'lsessalia
244 2351 356 2415 placare
365 2356 450 2415 potes.
482 2345 553 2409 Quin
564 2345 675 2412 respicis
687 2345 776 2396 orbem

92 2419 259 2472 Rauranum?
283 2419 313 2469 Si
324 2434 409 2487 regna
421 2415 630 2483 timesproieoto
641 2414 688 2466 sub
701 2423 795 2467 austro

91 2483 824 2556 Infidumque[subannpetimnsPlsaronaroopneLagi.

93 2557 215 2624 Syrtibus
227 2556 289 2609 binc
300 2558 407 2626 Libycis
419 2566 480 2608 tuta
493 2565 533 2607 est
544 2555 700 2623 Aegyptos:
720 2553 821 2607 atinde

94 2626 212 2693 Gurgite
221 2634 328 2692 septeno
336 2627 448 2694 rapidus
459 2642 533 2676 strare
544 2625 678 2677 submonet
689 2621 787 2676 aasnis:
835 2621 886 2672 445

94 2693 182 2746 Terra
193 2696 248 2747 suis
259 2706 385 2751 contento
397 2695 483 2757 bonis,
496 2713 546 2748 non
558 2695 657 2814 indiglp1
663 2692 764 2756 mercis,

663 2766 678 2813 2
