1950 3218
152 167 186 216 58
319 167 356 218 M.
391 165 493 216 ANN.
529 165 708 216 Lucani

152 286 274 335 Abscidit
284 284 400 349 impulsu
411 292 554 334 ventorum
566 284 659 334 adiuta
670 291 801 348 vetustas,

152 356 266 420 Frangit
277 359 375 404 curreta
385 369 478 403 ruens:
490 368 541 402 nee
550 359 656 402 tantum
668 369 890 420 corporap1·essa

152 425 311 473 Exanimat:
324 429 398 471 totos
411 438 471 471 cum
481 423 611 488 sanguine
623 422 737 487 dissipat
747 431 832 475 artus.

153 494 189 542 Ut
201 498 291 541 tamen
304 490 416 540 hostiles
428 491 512 539 densa
523 490 658 541 testudine
670 507 762 542 muros

88 560 143 610 475
154 563 243 611 'l'ecta
253 560 325 609 sulu't
336 561 429 619 sirius,
442 561 577 625 armisque
588 559 687 610 innexa
697 562 803 625 priores

154 633 236 682 llrma
247 630 349 690 ferunt,
364 627 522 694 galeamque
533 633 658 677 extentus
670 632 789 696 protegit
800 632 891 694 umbo,

155 702 231 760 Quae
244 700 316 764 prius
328 711 361 746 ex
371 697 453 761 longo
465 703 616 745 noouemnt
627 698 709 747 missa
719 713 838 761 recessu,

152 769 210 818 lam
222 773 285 831 post
295 773 373 830 terga
380 765 493 815 cadunt:
506 779 556 814 nec
564 764 654 815 Graiis
663 765 890 830 lleetereiaetum,

153 839 207 887 Aut
216 835 303 885 facilis
314 834 391 883 labor
402 839 444 882 est
455 834 603 900 longinqua
613 834 647 883 ad
658 835 713 884 tela
723 848 812 901 parati

90 907 145 958 480
157 904 298 954 Tormenti
310 910 415 953 mutare
427 903 550 952 modum:
567 902 615 951 sed
628 904 748 968 pondere
760 905 819 957 solo

156 975 291 1033 Contenti,
302 972 379 1021 nudis
391 971 518 1021 evolvunt
528 985 595 1021 saxa
605 971 723 1023 lacertis.

154 1042 227 1093 Dum
237 1041 289 1091 luit
301 1056 436 1091 armorum
449 1042 542 1101 series,
555 1045 586 1089 ut
598 1043 729 1106 grandine
741 1049 817 1094 tecta

154 1113 274 1162 innocua
286 1126 415 1176 pereussa
425 1117 531 1171 sonant,
543 1111 582 1158 sie
594 1112 684 1160 omnia
695 1111 750 1162 tela

155 1182 281 1246 Respuit:
298 1187 327 1230 at
337 1186 480 1245 postquam
491 1180 576 1228 virtus
586 1180 699 1230 incensa
709 1182 830 1232 virorum

91 1253 145 1304 485
156 1251 320 1316 Perpetuam
332 1250 405 1314 rupit
416 1246 522 1297 defesso
534 1248 618 1297 milite
630 1255 742 1311 cratem,

155 1318 267 1385 Singula
279 1319 412 1368 confinuis
424 1324 564 1368 cesserunt
574 1317 672 1367 ictibus
684 1334 767 1368 arma.
822 1334 826 1341 ·

155 1391 233 1438 Tunc
245 1388 377 1453 adoperta
387 1386 439 1435 leri
450 1385 574 1450 procedit
584 1388 663 1436 tinea
673 1393 755 1448 terra,

154 1456 210 1507 Sub
223 1458 298 1505 cuius
308 1456 416 1520 pluteis,
428 1462 456 1502 et
467 1461 541 1504 tecta
550 1454 640 1505 fronte
652 1455 769 1507 latentes

153 1526 245 1577 Moliri
256 1540 326 1572 nune
336 1525 391 1573 ima
401 1531 507 1588 parant,
518 1530 547 1572 et
556 1531 662 1574 vertere
673 1525 747 1576 ferro

92 1596 144 1646 490
154 1594 277 1644 Moenia:
288 1607 358 1641 rrunc
371 1593 441 1640 aries
454 1607 584 1657 suspenso
595 1593 693 1643 fortior
703 1595 761 1644 ictu

153 1664 279 1713 Incussus
290 1661 364 1710 densi
378 1675 537 1727 compagem
549 1662 654 1711 solvere
666 1665 736 1713 muri

154 1733 264 1790 Tentat,
276 1735 304 1779 et
312 1729 446 1794 impositis
458 1745 539 1778 unum
550 1730 700 1781 subducere
712 1734 793 1783 saxis.

154 1799 207 1850 Sed
219 1814 300 1864 super
311 1805 338 1848 et
351 1799 472 1859 llarnmis,
485 1805 512 1847 et
522 1815 637 1865 magnae
650 1801 782 1867 fragmine
793 1802 883 1866 molis,

154 1870 191 1919 Et
201 1868 310 1917 sudibus
324 1866 434 1927 crebris,
446 1875 474 1916 et
485 1868 572 1917 adusti
586 1869 691 1919 roboris
703 1872 759 1919 ictu

92 1938 143 1988 495
156 1938 306 1987 Percussae
319 1937 417 1986 redunt
430 1943 528 1998 crates,
540 1937 695 2004 frustraque
705 1939 799 1991 labore

153 2004 294 2057 Exhausto
306 2006 394 2054 sessus
404 2008 504 2071 repetit
514 2009 633 2056 tentoria
644 2009 729 2059 miles.

206 2073 316 2125 Surnnra
326 2074 376 2123 fuit
391 2075 489 2135 Graiis,
501 2082 605 2125 starent
616 2083 646 2125 ut
658 2079 773 2138 moenia,
784 2077 850 2127 voti.

152 2147 229 2197 Ultro
243 2146 315 2194 acies
326 2143 425 2193 inferre
438 2151 546 2208 parant:
565 2147 700 2212 armisque
711 2160 838 2196 coruscas

152 2215 285 2265 Nocturni
296 2221 389 2263 texere
401 2213 487 2263 lares:
505 2214 646 2279 audaxque
662 2217 784 2264 iuventus

92 2282 142 2331 500
152 2286 262 2349 Erupit:
274 2299 327 2332 non
339 2281 417 2332 hasta
427 2284 499 2341 siris,
511 2299 563 2331 uon
574 2283 664 2334 letifer
675 2299 761 2343 arcus,

152 2353 249 2404 Telum
261 2352 368 2401 llamma
379 2352 438 2412 fuit,
450 2353 610 2417 rapiensque
621 2352 745 2402 inrmrdia
758 2356 854 2402 sentus

150 2422 204 2471 Per
216 2422 337 2471 Romana
348 2422 408 2470 tulit
420 2422 502 2470 celeri
513 2423 659 2471 munimina
669 2437 756 2472 errrsu.

149 2490 216 2552 Nee,
229 2492 349 2556 quannis
360 2491 438 2539 uiridi
450 2491 567 2539 luctetur
576 2491 684 2554 robore,
695 2491 783 2542 lentas

149 2560 221 2624 Ignis
234 2562 289 2624 agit
301 2562 384 2608 vires:
398 2560 462 2608 teda
473 2558 520 2607 sed
531 2567 625 2624 raptus
636 2561 669 2610 ab
684 2562 756 2611 (imni

88 2627 139 2677 505
151 2629 330 2693 Consequitur
341 2629 409 2694 nigri
422 2629 542 2692 spatiosa
553 2629 690 2679 volumina
700 2629 781 2681 fumi:

148 2695 205 2746 Nee
218 2697 302 2745 solum
316 2697 404 2758 silvas,
418 2697 465 2746 sed
477 2712 544 2747 saxa
553 2699 675 2765 ingentia
686 2701 776 2762 solvit,
