1956 3106
150 140 201 192 216
315 135 354 187 Μ.
391 134 494 186 ΑΝΝ.
530 136 710 190 LUCANI

148 259 287 327 Liquitur,
299 261 327 307 et
339 255 417 322 nigra
428 255 560 307 distillant
569 257 682 324 inguina
691 256 764 309 tabe.

148 327 274 379 Dissiluit
284 326 420 392 stringens
432 331 540 376 uterum
550 326 718 388 membrana,
733 324 877 398 fluuntque

148 399 277 451 Viscera:
296 410 357 458 nec,
369 401 498 462 quantum
511 401 571 445 toto
584 395 618 446 de
631 410 747 461 corpure
757 397 851 463 dehet,

87 469 140 520 iii
149 467 245 520 Ellluit
253 467 281 517 in
292 473 394 516 terras:
413 479 525 514 saevum
536 465 585 516 sesl
596 465 719 517 membra
729 480 864 520 venenum

149 538 296 604 Decoquit3
306 536 334 586 in
340 533 479 584 minimum
485 549 559 584 mors
567 532 705 585 contrahit
711 536 894 591 emularirus.

149 603 891 675 Vinculanemcrum,etlateiumcontextu,carumque

50 722 53 727 .
148 678 259 736 Pectus,
272 680 300 724 et
312 673 466 723 abstrusum
478 672 554 723 libris
565 671 702 735 vitalibus,
714 689 794 727 omne

152 743 287 812 Quidquid
301 741 441 803 homoest,
448 743 538 809 aperit
546 743 640 808 pestis.
662 741 893 811 Natrrraprofana

87 818 139 868 180
151 818 242 867 ltlorte
255 819 346 880 patet:
364 818 477 861 mallant
489 809 594 862 humeri
609 811 751 879 fortesque
760 812 871 865 lacerti:

150 885 227 936 Colla
239 887 376 948 caputque
387 879 482 932 fluunt.
504 881 598 932 Calido
609 896 663 933 nen
675 883 752 933 ocius
762 885 862 935 Austro

149 954 203 1006 Nix
216 952 338 1003 resoluta
349 950 432 1013 cadit,
444 967 495 1002 nec
506 951 592 1002 solem
604 967 669 1003 cera
679 958 817 1019 sequetur.

149 1026 240 1075 Parra
248 1022 355 1090 loquor,
368 1036 469 1088 corpus
478 1022 554 1071 sanie
566 1021 683 1073 stillasse
695 1028 851 1088 perustum3

148 1095 212 1144 Hoc
227 1099 255 1145 et
271 1090 382 1143 flamma
398 1096 503 1158 potest:
523 1091 572 1142 sed
588 1092 647 1158 quis
662 1105 746 1195 roqus
764 1091 879 1144 abstulit

629 1176 707 1212 ossa.
770 1190 775 1197 ·

89 1234 139 1284 185
151 1234 230 1284 Haec
246 1245 354 1300 queque
369 1229 528 1292 discedunt,
543 1222 691 1349 putreqque
708 1237 806 1283 secuta
820 1248 879 1284 me·

648 1300 726 1360 ullas,

150 1369 231 1421 Nulla
241 1385 352 1422 manere
365 1371 457 1419 sinunt
467 1368 556 1433 rapidi
566 1369 684 1436 vestigia
693 1369 753 1419 fati.
780 1427 783 1432 Δ

151 1438 299 1505 Cyniphias
309 1441 381 1489 inter
393 1443 484 1505 pestes
496 1438 547 1487 tibi
558 1438 649 1504 palma
658 1437 776 1491 nocendi
788 1448 845 1492 cst:

150 1511 278 1576 Eripiunt
288 1523 382 1559 omnes
394 1509 521 1569 animam,
532 1512 563 1557 tu
573 1508 634 1559 sola
645 1508 772 1560 cadaver.

150 1579 225 1628 Ecce
235 1577 309 1628 subit
320 1575 406 1626 facies
416 1576 473 1627 leto
485 1577 594 1628 diversa
606 1577 710 1629 lluenti.
744 1639 746 1643 ‚

88 1648 139 1698 790
152 1646 292 1697 Nasidium
304 1646 390 1695 llllarsi
401 1644 535 1695 cultorem
547 1648 669 1699 torridus
680 1647 740 1715 agri
764 1684 769 1693 .

149 1716 290 1767 Percussit
300 1715 421 1765 Prester.
440 1715 482 1765 llli
492 1716 576 1766 rubor
586 1718 681 1784 igneus
694 1731 744 1768 ora

150 1784 308 1847 Succendit,
319 1784 462 1852 tenditque
474 1792 573 1848 cutem,
584 1791 716 1854 pereunte
726 1786 825 1854 ligura,

148 1857 269 1907 Miscens
281 1860 381 1907 cuncte
391 1860 483 1906 tumor
492 1861 553 1906 toto
564 1857 619 1907 iam
630 1871 748 1923 corpore
758 1858 862 1908 maiorz

149 1926 361 1992 Humanumque
372 1941 485 1993 egressa
495 1926 606 1977 medum
617 1939 700 1993 super
711 1927 804 1977 omnia
813 1942 906 1979 mem-

625 1995 677 2046 bra

88 2066 140 2119 ¹195
152 2064 271 2116 Efflatur
280 2065 383 2116 sanies:
402 2064 458 2116 late
469 2065 589 2131 pollente
600 2080 717 2129 veneno,

149 2137 211 2202 lpse
223 2135 293 2186 latet
303 2135 412 2202 penitus
424 2141 556 2203 congesto
567 2150 685 2203 corpore
696 2151 817 2187 mersus=

149 2206 207 2256 Nec
218 2205 305 2254 lorica
318 2210 393 2256 tenet
404 2204 515 2256 distenti
526 2206 649 2272 corporis
661 2211 782 2257 auctum.

151 2275 286 2341 Spumeus
299 2289 417 2325 accenso
429 2290 482 2325 non
494 2277 534 2326 sic
549 2275 671 2327 exundet
683 2273 772 2326 alieno

149 2345 290 2398 Undarum
303 2345 439 2397 cumulus:
458 2361 509 2396 nec
519 2351 611 2397 tantos
623 2345 740 2396 carbasa
751 2346 823 2398 Cere

88 2417 140 2466 800
152 2419 307 2467 curvavere
319 2416 402 2466 sinus.
421 2415 554 2466 Tumidos
564 2417 620 2467 iem
630 2432 685 2469 non
698 2416 773 2482 capit
783 2421 871 2469 uitus-

149 2486 278 2537 lnformis
290 2486 397 2553 globus,
411 2491 439 2536 et
450 2484 565 2537 confuso
578 2486 699 2552 pondere
709 2491 832 2539 truncus.

99 2602 104 2612 ,
149 2556 286 2605 intactum
297 2555 439 2606 volucrum
450 2557 556 2618 rostris,
569 2556 717 2624 epulasque
731 2556 861 2609 datumm

149 2626 231 2675 Haud
242 2627 351 2691 impune
365 2624 439 2687 letis,
450 2642 504 2675 nen
517 2628 574 2676 ausi
587 2626 697 2677 tradere
706 2625 798 2690 busto,

87 2710 91 2717 ·
150 2694 278 2744 Nondum
292 2702 382 2744 stante
393 2695 484 2757 niodo,
498 2711 624 2746 crescens
635 2695 732 2764 lugere
744 2696 879 2749 cadaver..
