1956 3106
137 203 186 252 ms
309 205 338 255 Μ
382 202 691 256 aaa.nucnur

138 322 176 373 Ut
185 322 303 389 primum
314 330 392 375 vasto
405 334 497 389 septas
509 323 584 374 ridet
593 337 693 391 aggere
704 329 802 377 terras.

96 393 129 440 ’ίο
140 392 203 457 lpse
215 407 324 462 qaoque
337 409 354 443 a
364 398 425 443 tuta
435 393 572 443 deducens
584 393 692 461 agmina
702 395 782 457 petra

140 460 263 513 Diversis
274 463 379 530 spargit
388 461 506 523 tumulis,
518 467 549 512 ut
561 463 685 512 caesaris
697 474 773 511 arma

141 529 241 593 Laxet,
254 538 282 582 et
293 531 378 582 clfuso
392 531 561 581 claudentem
573 530 658 580 milite
669 529 772 581 tendat.
865 591 868 599 Ι

141 601 176 650 At
185 605 291 649 tautum
303 601 373 665 septi
383 599 453 649 vallo
464 600 516 650 sibi
527 600 647 650 vindicat
658 599 725 660 arri,

142 669 232 719 Parva
242 669 412 733 Mycenaeae
424 674 553 736 quantum
564 639 789 719 saeratabianae

99 739 132 787 75
145 736 237 786 Distat
247 737 280 786 ab
292 736 401 787 excelsa
411 737 556 789 nemoralis
567 738 657 788 Aricia
668 737 768 787 Roma:

144 807 258 872 Quoque
270 805 361 868 modo,
373 806 476 858 Romae
484 806 642 873 praelapsus
652 805 769 868 moenia,
777 805 878 871 Tybris

143 876 173 926 ln
184 889 259 925 auare
272 875 421 936 descendit,
433 877 455 926 si
465 890 598 943 nusquam
609 879 738 942 torqueat
749 889 865 926 amnem.

145 943 265 993 Classica
275 943 350 994 nulla
360 950 467 1007 sonant,
477 945 634 1012 iniussaque
643 942 700 994 tela
710 949 861 1010 vagantur:

143 1013 181 1062 Et
191 1012 223 1062 fit
233 1027 315 1080 saepe
326 1013 412 1076 nefas,
424 1014 541 1064 iaculum
551 1017 674 1064 tentante
683 1011 797 1062 lacerto.

101 1083 134 1131 80
146 1082 237 1132 Maior
250 1097 317 1133 cura
328 1083 411 1133 duces
423 1083 568 1134 miscendis
580 1078 713 1133 abstrahit
724 1082 814 1131 armis.

144 1150 304 1219 Pompeium
316 1151 465 1202 exhaustae
472 1149 878 1218 praebendaadpabulsterrae,

146 1221 223 1282 Quae
234 1236 345 1272 currens
356 1222 468 1272 obtrivit
479 1237 571 1290 eques,
582 1219 765 1290 gradibusque
778 1218 871 1270 citatis

144 1290 251 1358 Ungula
260 1289 433 1343 frondentem
444 1291 572 1342 discussit
582 1304 684 1343 cornea
695 1303 830 1356 campum.

146 1359 266 1427 Belliger
277 1360 399 1412 adtonsis
409 1361 519 1426 sonipes
531 1359 654 1411 defessus
664 1360 693 1410 ia
705 1359 785 1421 arvis,

104 1427 138 1476 85
147 1428 283 1480 Advectos
296 1444 357 1479 cum
368 1429 449 1496 plena
461 1429 552 1480 ierant
561 1428 705 1496 praesepia
716 1425 830 1490 culmos,

112 1504 115 1513 ’
146 1496 200 1548 Ore
211 1513 296 1548 noras
307 1513 424 1564 poscens
435 1498 612 1549 moribundus
622 1497 723 1548 labitur
732 1493 843 1560 herbas,

144 1567 182 1616 Et
192 1566 307 1616 tremulo
320 1567 425 1618 medios
437 1567 574 1634 abrumpit
582 1567 686 1634 poplite
697 1580 790 1633 gyros.
855 1591 858 1594 ⁴

146 1635 269 1700 Corpora
281 1635 345 1684 dum
356 1635 438 1686 solvit
447 1636 537 1698 tabes,
549 1641 578 1687 et
589 1636 688 1704 digerit
701 1640 785 1696 artus,

146 1704 244 1753 'l'raxit
253 1704 326 1754 iners
340 1703 445 1754 coelum
457 1704 556 1756 lluidae
568 1706 696 1773 contagia
706 1704 791 1770 pestis

103 1772 136 1824 90
148 1772 298 1824 Obscuram
309 1774 337 1823 in
348 1773 456 1824 nubem.
485 1775 547 1824 Tali
559 1776 705 1841 spiramine
716 1771 795 1824 Nesis

146 1843 255 1893 Emittit
266 1840 392 1910 Stygium
404 1843 542 1895 nebulosis
553 1859 619 1894 aera
629 1844 710 1905 saxis,

146 1914 283 1978 Antraque
294 1911 392 1963 letiferi
404 1913 508 1963 rabiem
521 1911 664 1981 Typhonis
676 1910 813 1964 anhelant.

146 1981 213 2032 lnde
223 1981 318 2031 labant
327 1983 428 2049 populi,
442 1983 573 2050 coeloque
585 1984 708 2050 paratior
717 1982 791 2033 uada

148 2051 234 2101 Omne
245 2051 302 2116 pati
312 2052 385 2102 virus
395 2052 502 2102 duravit
512 2054 618 2103 viscera
629 2067 724 2103 coeno.

103 2119 137 2170 95
148 2122 208 2170 lam
218 2121 290 2188 riget
300 2127 362 2170 atra
372 2122 451 2184 cutis,
463 2121 636 2189 distentaque
646 2122 748 2172 lumina
758 2123 872 2189 rumpit:

147 2190 285 2257 Igneaque
295 2190 322 2240 ia
334 2191 433 2255 vultus,
445 2197 474 2242 et
484 2206 563 2242 sacro
575 2190 680 2241 fervida
690 2190 786 2242 morbo

148 2259 237 2310 l‘estis
251 2258 316 2323 abit,
328 2259 483 2328 fessumque
496 2265 579 2326 caput
589 2275 618 2310 se
628 2259 701 2310 ferre
712 2265 831 2312 recusat.

148 2328 870 2398 lammagisatqucmagispraecepsagitomnialatum

148 2395 206 2447 Nec
216 2397 298 2447 medii
309 2398 437 2448 dirimunt
447 2399 535 2450 morbi
545 2399 682 2464 uitamque
693 2413 853 2466 necemque,

88 2465 139 2515 100
151 2463 205 2516 Sed
216 2466 332 2534 languor
338 2483 399 2518 cum
405 2474 494 2519 morte
500 2468 587 2518 venit:
598 2466 733 2534 turbaque
740 2468 878 2519 cadentum

148 2535 236 2585 Aucta
245 2535 312 2597 lues,
324 2537 387 2587 dum
398 2539 485 2588 mixta
493 2537 585 2588 iacent
592 2535 735 2586 incondita
743 2537 811 2588 vivis

151 2604 282 2670 Corpora.
310 2604 379 2656 Naar
389 2607 504 2658 miseros
515 2605 587 2657 ultra
596 2606 717 2656 tentoria
726 2606 799 2656 ciros

150 2670 294 2740 Spargere,
305 2673 385 2726 funus
396 2681 464 2726 erat.
483 2673 878 2726 'l'amcnhosmiauerclaborer

148 2741 171 2794 h
181 2746 260 2810 tergo
269 2742 390 2812 pelagus,
402 2744 549 2813 pulsusque
560 2743 736 2814 Aquilonibus
748 2759 805 2807 aer,
