<?xml version="1.0" encoding="UTF-8"?>
<!DOCTYPE html PUBLIC "-//W3C//DTD XHTML 1.0 Transitional//EN"
    "http://www.w3.org/TR/xhtml1/DTD/xhtml1-transitional.dtd">
<html xmlns="http://www.w3.org/1999/xhtml" xml:lang="en" lang="en">
 <head>
  <title>
</title>
<meta http-equiv="Content-Type" content="text/html;charset=utf-8" />
  <meta name='ocr-system' content='tesseract 3.04.00' />
  <meta name='ocr-capabilities' content='ocr_page ocr_carea ocr_par ocr_line ocrx_word'/>
</head>
<body>
  <div class='ocr_page' id='page_1' title='image "./mannaeilucaniph01lucagoog_0177.png"; bbox 0 0 1956 3106; ppageno 0'>
   <div class='ocr_carea' id='block_1_1' title="bbox 133 84 777 178">
    <p class='ocr_par' dir='ltr' id='par_1_1' title="bbox 133 84 777 178">
     <span class='ocr_line' id='line_1_1' title="bbox 133 84 777 178; baseline -0.003 0"><span class='ocrx_word' id='word_1_1' title='bbox 133 84 182 178; x_wconf 68' lang='lat' dir='ltr'><strong>tte</strong></span> <span class='ocrx_word' id='word_1_2' title='bbox 308 125 345 174; x_wconf 87' lang='grc' dir='ltr'><strong>Μ.</strong></span> <span class='ocrx_word' id='word_1_3' title='bbox 383 124 483 175; x_wconf 75' lang='grc' dir='ltr'><strong>ΑΝΝ.</strong></span> <span class='ocrx_word' id='word_1_4' title='bbox 518 125 701 178; x_wconf 71' lang='lat' dir='ltr'><strong>Luceni</strong></span> <span class='ocrx_word' id='word_1_5' title='bbox 774 116 777 121; x_wconf 47' lang='lat'>¹</span> 
     </span>
    </p>
   </div>
   <div class='ocr_carea' id='block_1_2' title="bbox 88 244 931 2733">
    <p class='ocr_par' dir='ltr' id='par_1_2' title="bbox 91 244 820 382">
     <span class='ocr_line' id='line_1_2' title="bbox 133 244 797 313; baseline 0 -17"><span class='ocrx_word' id='word_1_6' title='bbox 133 244 260 296; x_wconf 86' lang='lat' dir='ltr'><strong>Emathia</strong></span> <span class='ocrx_word' id='word_1_7' title='bbox 270 246 325 294; x_wconf 84' lang='lat' dir='ltr'><strong>ianr</strong></span> <span class='ocrx_word' id='word_1_8' title='bbox 336 244 412 295; x_wconf 86' lang='lat' dir='ltr'><strong>clade</strong></span> <span class='ocrx_word' id='word_1_9' title='bbox 423 245 531 305; x_wconf 90' lang='lat' dir='ltr'><strong>rubens,</strong></span> <span class='ocrx_word' id='word_1_10' title='bbox 544 244 636 295; x_wconf 79' lang='lat' dir='ltr'>exibat</span> <span class='ocrx_word' id='word_1_11' title='bbox 645 247 673 295; x_wconf 93' lang='lat' dir='ltr'><strong>in</strong></span> <span class='ocrx_word' id='word_1_12' title='bbox 684 260 797 313; x_wconf 88' lang='lat' dir='ltr'><strong>aequor.</strong></span> 
     </span>
     <span class='ocr_line' id='line_1_3' title="bbox 91 313 820 382; baseline -0.003 -16"><span class='ocrx_word' id='word_1_13' title='bbox 91 316 200 367; x_wconf 81' lang='lat' dir='ltr'><strong>351nde</strong></span> <span class='ocrx_word' id='word_1_14' title='bbox 211 316 277 365; x_wconf 88' lang='lat' dir='ltr'><strong>ratis</strong></span> <span class='ocrx_word' id='word_1_15' title='bbox 288 314 433 379; x_wconf 87' lang='lat' dir='ltr'><strong>trepidum,</strong></span> <span class='ocrx_word' id='word_1_16' title='bbox 445 315 532 364; x_wconf 86' lang='lat' dir='ltr'><strong>ventis</strong></span> <span class='ocrx_word' id='word_1_17' title='bbox 544 320 572 364; x_wconf 86' lang='lat' dir='ltr'><strong>ct</strong></span> <span class='ocrx_word' id='word_1_18' title='bbox 582 313 710 366; x_wconf 87' lang='lat' dir='ltr'><strong>fluctibus</strong></span> <span class='ocrx_word' id='word_1_19' title='bbox 721 316 820 382; x_wconf 82' lang='lat' dir='ltr'>impar,</span> 
     </span>
    </p>

    <p class='ocr_par' dir='ltr' id='par_1_3' title="bbox 133 383 751 443">
     <span class='ocr_line' id='line_1_4' title="bbox 133 383 751 443; baseline -0.005 -8"><span class='ocrx_word' id='word_1_20' title='bbox 133 386 278 435; x_wconf 86' lang='lat' dir='ltr'>Flumineis</span> <span class='ocrx_word' id='word_1_21' title='bbox 290 385 335 432; x_wconf 80' lang='lat' dir='ltr'><strong>vix</strong></span> <span class='ocrx_word' id='word_1_22' title='bbox 346 388 407 433; x_wconf 88' lang='lat' dir='ltr'><strong>tuta</strong></span> <span class='ocrx_word' id='word_1_23' title='bbox 417 383 501 443; x_wconf 87' lang='lat' dir='ltr'><strong>vadis,</strong></span> <span class='ocrx_word' id='word_1_24' title='bbox 513 384 604 434; x_wconf 80' lang='lat' dir='ltr'><strong>evexit</strong></span> <span class='ocrx_word' id='word_1_25' title='bbox 613 385 640 433; x_wconf 93' lang='lat' dir='ltr'><strong>in</strong></span> <span class='ocrx_word' id='word_1_26' title='bbox 653 384 751 434; x_wconf 89' lang='lat' dir='ltr'><strong>altum:</strong></span> 
     </span>
    </p>

    <p class='ocr_par' dir='ltr' id='par_1_4' title="bbox 135 451 826 520">
     <span class='ocr_line' id='line_1_5' title="bbox 135 451 826 520; baseline -0.001 -16"><span class='ocrx_word' id='word_1_27' title='bbox 135 455 215 504; x_wconf 88' lang='lat' dir='ltr'><strong>Cuius</strong></span> <span class='ocrx_word' id='word_1_28' title='bbox 229 451 317 504; x_wconf 89' lang='lat' dir='ltr'><strong>adhue</strong></span> <span class='ocrx_word' id='word_1_29' title='bbox 328 453 409 502; x_wconf 90' lang='lat' dir='ltr'><strong>remis</strong></span> <span class='ocrx_word' id='word_1_30' title='bbox 421 453 542 518; x_wconf 89' lang='lat' dir='ltr'><strong>quatitur</strong></span> <span class='ocrx_word' id='word_1_31' title='bbox 553 453 685 518; x_wconf 82' lang='lat' dir='ltr'><strong>Corcyra,</strong></span> <span class='ocrx_word' id='word_1_32' title='bbox 696 455 826 520; x_wconf 76' lang='lat' dir='ltr'>sinusque</span> 
     </span>
    </p>

    <p class='ocr_par' dir='ltr' id='par_1_5' title="bbox 133 521 877 588">
     <span class='ocr_line' id='line_1_6' title="bbox 133 521 877 588; baseline -0.003 -14"><span class='ocrx_word' id='word_1_33' title='bbox 133 523 273 574; x_wconf 84' lang='lat' dir='ltr'>Leucadii.</span> <span class='ocrx_word' id='word_1_34' title='bbox 294 522 406 571; x_wconf 91' lang='lat' dir='ltr'><strong>Cilicum</strong></span> <span class='ocrx_word' id='word_1_35' title='bbox 418 522 550 581; x_wconf 88' lang='lat' dir='ltr'><strong>dominus,</strong></span> <span class='ocrx_word' id='word_1_36' title='bbox 564 526 709 588; x_wconf 81' lang='lat' dir='ltr'><strong>terraeque</strong></span> <span class='ocrx_word' id='word_1_37' title='bbox 719 521 877 585; x_wconf 52' lang='lat' dir='ltr'><strong>Libumaep</strong></span> 
     </span>
    </p>

    <p class='ocr_par' dir='ltr' id='par_1_6' title="bbox 134 591 796 660">
     <span class='ocr_line' id='line_1_7' title="bbox 134 591 796 660; baseline -0.002 -18"><span class='ocrx_word' id='word_1_38' title='bbox 134 594 268 660; x_wconf 81' lang='lat' dir='ltr'>Exiguam</span> <span class='ocrx_word' id='word_1_39' title='bbox 279 597 375 639; x_wconf 89' lang='lat' dir='ltr'><strong>vector</strong></span> <span class='ocrx_word' id='word_1_40' title='bbox 385 591 500 656; x_wconf 85' lang='lat' dir='ltr'><strong>pavidus</strong></span> <span class='ocrx_word' id='word_1_41' title='bbox 513 591 647 656; x_wconf 78' lang='lat' dir='ltr'><strong>correpsit</strong></span> <span class='ocrx_word' id='word_1_42' title='bbox 656 592 683 639; x_wconf 94' lang='lat' dir='ltr'><strong>in</strong></span> <span class='ocrx_word' id='word_1_43' title='bbox 695 591 796 641; x_wconf 88' lang='lat' dir='ltr'><strong>alnum.</strong></span> 
     </span>
    </p>

    <p class='ocr_par' dir='ltr' id='par_1_7' title="bbox 92 658 867 1002">
     <span class='ocr_line' id='line_1_8' title="bbox 92 658 867 727; baseline -0.003 -17"><span class='ocrx_word' id='word_1_44' title='bbox 92 663 125 710; x_wconf 77' lang='lat'><strong>40</strong></span> <span class='ocrx_word' id='word_1_45' title='bbox 136 662 252 711; x_wconf 77' lang='lat' dir='ltr'>Conscia</span> <span class='ocrx_word' id='word_1_46' title='bbox 264 673 390 709; x_wconf 90' lang='lat' dir='ltr'><strong>curarum</strong></span> <span class='ocrx_word' id='word_1_47' title='bbox 401 665 509 709; x_wconf 90' lang='lat' dir='ltr'><strong>secreta</strong></span> <span class='ocrx_word' id='word_1_48' title='bbox 520 659 638 709; x_wconf 91' lang='lat' dir='ltr'><strong>inlitora</strong></span> <span class='ocrx_word' id='word_1_49' title='bbox 647 658 732 709; x_wconf 85' lang='lat' dir='ltr'><strong>Lesbi</strong></span> <span class='ocrx_word' id='word_1_50' title='bbox 865 722 867 727; x_wconf 23' lang='grc' dir='ltr'>Ι</span> 
     </span>
     <span class='ocr_line' id='line_1_9' title="bbox 133 727 783 794; baseline -0.002 -14"><span class='ocrx_word' id='word_1_51' title='bbox 133 731 256 780; x_wconf 83' lang='lat' dir='ltr'><strong>Flectere</strong></span> <span class='ocrx_word' id='word_1_52' title='bbox 267 728 328 778; x_wconf 86' lang='lat' dir='ltr'><strong>vela</strong></span> <span class='ocrx_word' id='word_1_53' title='bbox 338 727 424 789; x_wconf 91' lang='lat' dir='ltr'><strong>iubes,</strong></span> <span class='ocrx_word' id='word_1_54' title='bbox 437 734 557 794; x_wconf 90' lang='lat' dir='ltr'><strong>quatum</strong></span> <span class='ocrx_word' id='word_1_55' title='bbox 568 728 666 779; x_wconf 91' lang='lat' dir='ltr'><strong>tellure</strong></span> <span class='ocrx_word' id='word_1_56' title='bbox 676 728 783 779; x_wconf 85' lang='lat' dir='ltr'><strong>latebas</strong></span> 
     </span>
     <span class='ocr_line' id='line_1_10' title="bbox 132 796 818 864; baseline -0.003 -15"><span class='ocrx_word' id='word_1_57' title='bbox 132 800 275 860; x_wconf 87' lang='lat' dir='ltr'><strong>Moestior,</strong></span> <span class='ocrx_word' id='word_1_58' title='bbox 286 798 314 848; x_wconf 92' lang='lat' dir='ltr'><strong>in</strong></span> <span class='ocrx_word' id='word_1_59' title='bbox 325 796 422 846; x_wconf 89' lang='lat' dir='ltr'><strong>mediis</strong></span> <span class='ocrx_word' id='word_1_60' title='bbox 435 813 515 864; x_wconf 86' lang='lat' dir='ltr'><strong>quam</strong></span> <span class='ocrx_word' id='word_1_61' title='bbox 526 799 557 859; x_wconf 91' lang='lat' dir='ltr'><strong>si,</strong></span> <span class='ocrx_word' id='word_1_62' title='bbox 569 797 703 860; x_wconf 84' lang='lat' dir='ltr'><strong>Cornelia,</strong></span> <span class='ocrx_word' id='word_1_63' title='bbox 714 799 818 863; x_wconf 83' lang='lat' dir='ltr'><strong>campis</strong></span> 
     </span>
     <span class='ocr_line' id='line_1_11' title="bbox 133 864 768 933; baseline -0.003 -15"><span class='ocrx_word' id='word_1_64' title='bbox 133 864 276 918; x_wconf 82' lang='lat' dir='ltr'><strong>Emathiae</strong></span> <span class='ocrx_word' id='word_1_65' title='bbox 287 872 383 917; x_wconf 88' lang='lat' dir='ltr'><strong>stares.</strong></span> <span class='ocrx_word' id='word_1_66' title='bbox 415 867 521 916; x_wconf 81' lang='lat' dir='ltr'><strong>Tristes</strong></span> <span class='ocrx_word' id='word_1_67' title='bbox 533 868 677 933; x_wconf 82' lang='lat' dir='ltr'><strong>praesagia</strong></span> <span class='ocrx_word' id='word_1_68' title='bbox 688 881 768 917; x_wconf 82' lang='lat' dir='ltr'><strong>curas</strong></span> 
     </span>
     <span class='ocr_line' id='line_1_12' title="bbox 132 934 851 1002; baseline -0.003 -16"><span class='ocrx_word' id='word_1_69' title='bbox 132 936 296 1002; x_wconf 75' lang='lat' dir='ltr'><strong>Exagitantt</strong></span> <span class='ocrx_word' id='word_1_70' title='bbox 315 935 424 1000; x_wconf 89' lang='lat' dir='ltr'><strong>trepida</strong></span> <span class='ocrx_word' id='word_1_71' title='bbox 438 936 560 1001; x_wconf 89' lang='lat' dir='ltr'><strong>quatitur</strong></span> <span class='ocrx_word' id='word_1_72' title='bbox 569 934 713 986; x_wconf 87' lang='lat' dir='ltr'><strong>formidine</strong></span> <span class='ocrx_word' id='word_1_73' title='bbox 725 950 851 986; x_wconf 88' lang='lat' dir='ltr'><strong>somnus:</strong></span> 
     </span>
    </p>

    <p class='ocr_par' dir='ltr' id='par_1_8' title="bbox 88 1002 874 1349">
     <span class='ocr_line' id='line_1_13' title="bbox 88 1002 874 1072; baseline -0.003 -15"><span class='ocrx_word' id='word_1_74' title='bbox 88 1008 121 1057; x_wconf 79' lang='lat'><strong>45</strong></span> <span class='ocrx_word' id='word_1_75' title='bbox 134 1003 305 1056; x_wconf 85' lang='lat' dir='ltr'><strong>Thessaliam</strong></span> <span class='ocrx_word' id='word_1_76' title='bbox 314 1019 370 1054; x_wconf 86' lang='lat' dir='ltr'><strong>nox</strong></span> <span class='ocrx_word' id='word_1_77' title='bbox 376 1002 565 1055; x_wconf 86' lang='lat' dir='ltr'><strong>omnishabet:</strong></span> <span class='ocrx_word' id='word_1_78' title='bbox 576 1004 750 1072; x_wconf 87' lang='lat' dir='ltr'><strong>tenebrisque</strong></span> <span class='ocrx_word' id='word_1_79' title='bbox 757 1006 874 1055; x_wconf 81' lang='lat' dir='ltr'><strong>remotis</strong></span> 
     </span>
     <span class='ocr_line' id='line_1_14' title="bbox 131 1073 837 1142; baseline 0 -18"><span class='ocrx_word' id='word_1_80' title='bbox 131 1075 216 1142; x_wconf 88' lang='lat' dir='ltr'><strong>Rupis</strong></span> <span class='ocrx_word' id='word_1_81' title='bbox 225 1073 252 1122; x_wconf 91' lang='lat' dir='ltr'><strong>in</strong></span> <span class='ocrx_word' id='word_1_82' title='bbox 267 1073 398 1139; x_wconf 83' lang='lat' dir='ltr'><strong>abruptae</strong></span> <span class='ocrx_word' id='word_1_83' title='bbox 411 1073 548 1140; x_wconf 89' lang='lat' dir='ltr'><strong>scopulos,</strong></span> <span class='ocrx_word' id='word_1_84' title='bbox 560 1079 736 1141; x_wconf 86' lang='lat' dir='ltr'><strong>extremaque</strong></span> <span class='ocrx_word' id='word_1_85' title='bbox 748 1074 837 1126; x_wconf 73' lang='lat' dir='ltr'><strong>esuris</strong></span> 
     </span>
     <span class='ocr_line' id='line_1_15' title="bbox 132 1142 773 1211; baseline 0.002 -17"><span class='ocrx_word' id='word_1_86' title='bbox 132 1144 237 1205; x_wconf 87' lang='lat' dir='ltr'><strong>Litora,</strong></span> <span class='ocrx_word' id='word_1_87' title='bbox 248 1145 416 1211; x_wconf 83' lang='lat' dir='ltr'><strong>prospiciens</strong></span> <span class='ocrx_word' id='word_1_88' title='bbox 427 1142 539 1194; x_wconf 84' lang='lat' dir='ltr'><strong>flnctus:</strong></span> <span class='ocrx_word' id='word_1_89' title='bbox 557 1145 682 1193; x_wconf 90' lang='lat' dir='ltr'><strong>nutantia</strong></span> <span class='ocrx_word' id='word_1_90' title='bbox 691 1145 773 1211; x_wconf 84' lang='lat' dir='ltr'><strong>lenge</strong></span> 
     </span>
     <span class='ocr_line' id='line_1_16' title="bbox 133 1212 774 1279; baseline 0.002 -16"><span class='ocrx_word' id='word_1_91' title='bbox 133 1212 246 1279; x_wconf 81' lang='lat' dir='ltr'><strong>Semper</strong></span> <span class='ocrx_word' id='word_1_92' title='bbox 256 1213 344 1278; x_wconf 87' lang='lat' dir='ltr'><strong>prima</strong></span> <span class='ocrx_word' id='word_1_93' title='bbox 353 1213 429 1263; x_wconf 88' lang='lat' dir='ltr'><strong>vides</strong></span> <span class='ocrx_word' id='word_1_94' title='bbox 438 1213 572 1263; x_wconf 84' lang='lat' dir='ltr'><strong>venientis</strong></span> <span class='ocrx_word' id='word_1_95' title='bbox 583 1212 644 1262; x_wconf 86' lang='lat' dir='ltr'><strong>vela</strong></span> <span class='ocrx_word' id='word_1_96' title='bbox 655 1214 774 1274; x_wconf 88' lang='lat' dir='ltr'><strong>carinae,</strong></span> 
     </span>
     <span class='ocr_line' id='line_1_17' title="bbox 135 1280 847 1349; baseline -0.001 -17"><span class='ocrx_word' id='word_1_97' title='bbox 135 1284 272 1343; x_wconf 81' lang='lat' dir='ltr'><strong>Quaerere</strong></span> <span class='ocrx_word' id='word_1_98' title='bbox 283 1297 333 1332; x_wconf 92' lang='lat' dir='ltr'><strong>nec</strong></span> <span class='ocrx_word' id='word_1_99' title='bbox 345 1282 490 1349; x_wconf 89' lang='lat' dir='ltr'><strong>quidquam</strong></span> <span class='ocrx_word' id='word_1_100' title='bbox 503 1281 537 1332; x_wconf 90' lang='lat' dir='ltr'><strong>de</strong></span> <span class='ocrx_word' id='word_1_101' title='bbox 549 1280 606 1331; x_wconf 83' lang='lat' dir='ltr'><strong>fato</strong></span> <span class='ocrx_word' id='word_1_102' title='bbox 619 1282 741 1348; x_wconf 77' lang='lat' dir='ltr'><strong>coniugis</strong></span> <span class='ocrx_word' id='word_1_103' title='bbox 753 1282 847 1334; x_wconf 86' lang='lat' dir='ltr'><strong>audes.</strong></span> 
     </span>
    </p>

    <p class='ocr_par' dir='ltr' id='par_1_9' title="bbox 89 1350 878 1694">
     <span class='ocr_line' id='line_1_18' title="bbox 89 1350 873 1418; baseline 0.003 -19"><span class='ocrx_word' id='word_1_104' title='bbox 89 1352 123 1400; x_wconf 80' lang='lat' dir='ltr'><strong>bil</strong></span> <span class='ocrx_word' id='word_1_105' title='bbox 185 1350 873 1418; x_wconf 85' lang='lat' dir='ltr'><strong>Enratis,advestrosquaetenditcarbasaportus,</strong></span> 
     </span>
     <span class='ocr_line' id='line_1_19' title="bbox 135 1419 873 1486; baseline 0 -15"><span class='ocrx_word' id='word_1_106' title='bbox 135 1421 292 1482; x_wconf 72' lang='lat' dir='ltr'><strong>Quidferat,</strong></span> <span class='ocrx_word' id='word_1_107' title='bbox 303 1421 427 1486; x_wconf 72' lang='lat' dir='ltr'><strong>ignotast</strong></span> <span class='ocrx_word' id='word_1_108' title='bbox 446 1421 494 1470; x_wconf 87' lang='lat' dir='ltr'><strong>sed</strong></span> <span class='ocrx_word' id='word_1_109' title='bbox 505 1435 576 1469; x_wconf 91' lang='lat' dir='ltr'><strong>nunc</strong></span> <span class='ocrx_word' id='word_1_110' title='bbox 584 1419 634 1469; x_wconf 92' lang='lat' dir='ltr'><strong>tibi</strong></span> <span class='ocrx_word' id='word_1_111' title='bbox 645 1435 751 1470; x_wconf 89' lang='lat' dir='ltr'><strong>summa</strong></span> <span class='ocrx_word' id='word_1_112' title='bbox 760 1421 873 1486; x_wconf 82' lang='lat' dir='ltr'><strong>pavoris</strong></span> 
     </span>
     <span class='ocr_line' id='line_1_20' title="bbox 133 1489 782 1556; baseline -0.003 -15"><span class='ocrx_word' id='word_1_113' title='bbox 133 1489 248 1541; x_wconf 89' lang='lat' dir='ltr'><strong>Nuntius</strong></span> <span class='ocrx_word' id='word_1_114' title='bbox 261 1503 399 1539; x_wconf 88' lang='lat' dir='ltr'><strong>armorum</strong></span> <span class='ocrx_word' id='word_1_115' title='bbox 409 1490 495 1539; x_wconf 87' lang='lat' dir='ltr'><strong>tristis</strong></span> <span class='ocrx_word' id='word_1_116' title='bbox 505 1503 652 1556; x_wconf 92' lang='lat' dir='ltr'><strong>rumorque</strong></span> <span class='ocrx_word' id='word_1_117' title='bbox 664 1489 782 1540; x_wconf 88' lang='lat' dir='ltr'><strong>sinister.</strong></span> 
     </span>
     <span class='ocr_line' id='line_1_21' title="bbox 133 1555 873 1624; baseline -0.004 -15"><span class='ocrx_word' id='word_1_118' title='bbox 133 1558 229 1610; x_wconf 84' lang='lat' dir='ltr'><strong>Victus</strong></span> <span class='ocrx_word' id='word_1_119' title='bbox 241 1557 319 1608; x_wconf 86' lang='lat' dir='ltr'><strong>adest</strong></span> <span class='ocrx_word' id='word_1_120' title='bbox 331 1559 443 1607; x_wconf 81' lang='lat' dir='ltr'><strong>coniux:</strong></span> <span class='ocrx_word' id='word_1_121' title='bbox 463 1557 755 1624; x_wconf 88' lang='lat' dir='ltr'><strong>quidperdistempora</strong></span> <span class='ocrx_word' id='word_1_122' title='bbox 763 1555 873 1609; x_wconf 62' lang='lat' dir='ltr'><strong>luctus?</strong></span> 
     </span>
     <span class='ocr_line' id='line_1_22' title="bbox 134 1624 878 1694; baseline 0.001 -17"><span class='ocrx_word' id='word_1_123' title='bbox 134 1629 201 1677; x_wconf 90' lang='lat' dir='ltr'><strong>Cum</strong></span> <span class='ocrx_word' id='word_1_124' title='bbox 216 1626 304 1691; x_wconf 91' lang='lat' dir='ltr'><strong>possis</strong></span> <span class='ocrx_word' id='word_1_125' title='bbox 314 1627 368 1674; x_wconf 88' lang='lat' dir='ltr'><strong>iam</strong></span> <span class='ocrx_word' id='word_1_126' title='bbox 381 1624 461 1688; x_wconf 85' lang='lat' dir='ltr'><strong>llere,</strong></span> <span class='ocrx_word' id='word_1_127' title='bbox 479 1626 565 1675; x_wconf 87' lang='lat' dir='ltr'><strong>times.</strong></span> <span class='ocrx_word' id='word_1_128' title='bbox 594 1628 687 1688; x_wconf 89' lang='lat' dir='ltr'><strong>Tune,</strong></span> <span class='ocrx_word' id='word_1_129' title='bbox 704 1641 797 1694; x_wconf 91' lang='lat' dir='ltr'><strong>puppe</strong></span> <span class='ocrx_word' id='word_1_130' title='bbox 809 1641 878 1694; x_wconf 74' lang='lat' dir='ltr'><strong>pro-</strong></span> 
     </span>
    </p>

    <p class='ocr_par' dir='ltr' id='par_1_10' title="bbox 625 1710 855 1757">
     <span class='ocr_line' id='line_1_23' title="bbox 625 1710 855 1757; baseline 0.004 -12"><span class='ocrx_word' id='word_1_131' title='bbox 625 1712 652 1746; x_wconf 86' lang='lat' dir='ltr'><strong>rn</strong></span> <span class='ocrx_word' id='word_1_132' title='bbox 672 1711 716 1757; x_wconf 87' lang='lat' dir='ltr'><strong>ua,</strong></span> <span class='ocrx_word' id='word_1_133' title='bbox 852 1710 855 1715; x_wconf 87' lang='lat'><em>·</em></span> 
     </span>
    </p>

    <p class='ocr_par' dir='ltr' id='par_1_11' title="bbox 90 1711 931 2107">
     <span class='ocr_line' id='line_1_24' title="bbox 90 1711 780 1831; baseline 0.003 -17"><span class='ocrx_word' id='word_1_134' title='bbox 90 1765 123 1814; x_wconf 91' lang='grc'><strong>55</strong></span> <span class='ocrx_word' id='word_1_135' title='bbox 135 1763 274 1825; x_wconf 85' lang='lat' dir='ltr'><strong>Prosiluit,</strong></span> <span class='ocrx_word' id='word_1_136' title='bbox 286 1765 442 1831; x_wconf 87' lang='lat' dir='ltr'><strong>crimenque</strong></span> <span class='ocrx_word' id='word_1_137' title='bbox 453 1763 534 1813; x_wconf 79' lang='lat' dir='ltr'><strong>deum</strong></span> <span class='ocrx_word' id='word_1_138' title='bbox 546 1711 780 1827; x_wconf 60' lang='lat' dir='ltr'><strong>erndleleqnotavit,</strong></span> 
     </span>
     <span class='ocr_line' id='line_1_25' title="bbox 133 1831 931 1901; baseline 0.004 -18"><span class='ocrx_word' id='word_1_139' title='bbox 133 1831 292 1883; x_wconf 82' lang='lat' dir='ltr'><strong>Deformem</strong></span> <span class='ocrx_word' id='word_1_140' title='bbox 303 1833 405 1900; x_wconf 88' lang='lat' dir='ltr'><strong>pallore</strong></span> <span class='ocrx_word' id='word_1_141' title='bbox 416 1831 521 1895; x_wconf 88' lang='lat' dir='ltr'><strong>ducem,</strong></span> <span class='ocrx_word' id='word_1_142' title='bbox 532 1833 675 1901; x_wconf 74' lang='lat' dir='ltr'><strong>vultusque</strong></span> <span class='ocrx_word' id='word_1_143' title='bbox 686 1840 858 1901; x_wconf 88' lang='lat' dir='ltr'><strong>prementem</strong></span> <span class='ocrx_word' id='word_1_144' title='bbox 927 1896 931 1901; x_wconf 31' lang='grc' dir='ltr'>Ι</span> 
     </span>
     <span class='ocr_line' id='line_1_26' title="bbox 134 1902 813 1970; baseline 0.004 -18"><span class='ocrx_word' id='word_1_145' title='bbox 134 1904 247 1963; x_wconf 87' lang='lat' dir='ltr'><strong>Canitie,</strong></span> <span class='ocrx_word' id='word_1_146' title='bbox 260 1911 340 1970; x_wconf 92' lang='lat' dir='ltr'><strong>atque</strong></span> <span class='ocrx_word' id='word_1_147' title='bbox 354 1907 413 1952; x_wconf 92' lang='lat' dir='ltr'><strong>atro</strong></span> <span class='ocrx_word' id='word_1_148' title='bbox 425 1902 580 1970; x_wconf 89' lang='lat' dir='ltr'><strong>squalentes</strong></span> <span class='ocrx_word' id='word_1_149' title='bbox 592 1903 701 1969; x_wconf 88' lang='lat' dir='ltr'><strong>pulvere</strong></span> <span class='ocrx_word' id='word_1_150' title='bbox 712 1910 813 1955; x_wconf 79' lang='lat' dir='ltr'><strong>vestes.</strong></span> 
     </span>
     <span class='ocr_line' id='line_1_27' title="bbox 135 1971 820 2040; baseline 0.004 -19"><span class='ocrx_word' id='word_1_151' title='bbox 135 1971 222 2021; x_wconf 80' lang='lat' dir='ltr'><strong>Obvia</strong></span> <span class='ocrx_word' id='word_1_152' title='bbox 235 1987 290 2021; x_wconf 87' lang='lat' dir='ltr'><strong>nox</strong></span> <span class='ocrx_word' id='word_1_153' title='bbox 300 1973 415 2022; x_wconf 88' lang='lat' dir='ltr'><strong>miserae</strong></span> <span class='ocrx_word' id='word_1_154' title='bbox 429 1971 535 2021; x_wconf 89' lang='lat' dir='ltr'><strong>coelum</strong></span> <span class='ocrx_word' id='word_1_155' title='bbox 547 1972 688 2040; x_wconf 88' lang='lat' dir='ltr'><strong>lucemque</strong></span> <span class='ocrx_word' id='word_1_156' title='bbox 698 1972 820 2024; x_wconf 85' lang='lat' dir='ltr'><strong>tenebris</strong></span> 
     </span>
     <span class='ocr_line' id='line_1_28' title="bbox 134 2040 874 2107; baseline 0.001 -15"><span class='ocrx_word' id='word_1_157' title='bbox 134 2040 670 2107; x_wconf 74' lang='lat' dir='ltr'><strong>Abstulit,atqueanimamelausitdolor:</strong></span> <span class='ocrx_word' id='word_1_158' title='bbox 684 2043 775 2093; x_wconf 89' lang='lat' dir='ltr'><strong>omnia</strong></span> <span class='ocrx_word' id='word_1_159' title='bbox 781 2043 874 2093; x_wconf 84' lang='lat' dir='ltr'><strong>nervis</strong></span> 
     </span>
    </p>

    <p class='ocr_par' dir='ltr' id='par_1_12' title="bbox 90 2109 880 2455">
     <span class='ocr_line' id='line_1_29' title="bbox 90 2109 863 2180; baseline 0 -18"><span class='ocrx_word' id='word_1_160' title='bbox 90 2112 123 2162; x_wconf 82' lang='lat' dir='ltr'><strong>tiu</strong></span> <span class='ocrx_word' id='word_1_161' title='bbox 133 2110 260 2162; x_wconf 86' lang='lat' dir='ltr'><strong>Membra</strong></span> <span class='ocrx_word' id='word_1_162' title='bbox 270 2110 367 2160; x_wconf 89' lang='lat' dir='ltr'><strong>relicta</strong></span> <span class='ocrx_word' id='word_1_163' title='bbox 376 2109 484 2160; x_wconf 85' lang='lat' dir='ltr'><strong>labant:</strong></span> <span class='ocrx_word' id='word_1_164' title='bbox 503 2111 644 2178; x_wconf 84' lang='lat' dir='ltr'><strong>riguerunt</strong></span> <span class='ocrx_word' id='word_1_165' title='bbox 656 2111 749 2174; x_wconf 88' lang='lat' dir='ltr'><strong>corda,</strong></span> <span class='ocrx_word' id='word_1_166' title='bbox 761 2112 863 2180; x_wconf 87' lang='lat' dir='ltr'><strong>diuque</strong></span> 
     </span>
     <span class='ocr_line' id='line_1_30' title="bbox 134 2179 880 2248; baseline 0 -17"><span class='ocrx_word' id='word_1_167' title='bbox 134 2179 188 2246; x_wconf 91' lang='lat' dir='ltr'><strong>Spe</strong></span> <span class='ocrx_word' id='word_1_168' title='bbox 200 2181 295 2230; x_wconf 85' lang='lat' dir='ltr'><strong>mortis</strong></span> <span class='ocrx_word' id='word_1_169' title='bbox 308 2179 425 2245; x_wconf 82' lang='lat' dir='ltr'><strong>decepta</strong></span> <span class='ocrx_word' id='word_1_170' title='bbox 434 2181 514 2229; x_wconf 88' lang='lat' dir='ltr'><strong>iacet.</strong></span> <span class='ocrx_word' id='word_1_171' title='bbox 546 2180 612 2241; x_wconf 88' lang='lat' dir='ltr'><strong>lam,</strong></span> <span class='ocrx_word' id='word_1_172' title='bbox 623 2179 686 2230; x_wconf 83' lang='lat' dir='ltr'><strong>fune</strong></span> <span class='ocrx_word' id='word_1_173' title='bbox 699 2181 785 2248; x_wconf 85' lang='lat' dir='ltr'><strong>ligato</strong></span> <span class='ocrx_word' id='word_1_174' title='bbox 876 2182 880 2187; x_wconf 88' lang='lat'>&#39;</span> 
     </span>
     <span class='ocr_line' id='line_1_31' title="bbox 133 2248 784 2315; baseline 0.002 -16"><span class='ocrx_word' id='word_1_175' title='bbox 133 2249 284 2310; x_wconf 87' lang='lat' dir='ltr'><strong>Litoribus,</strong></span> <span class='ocrx_word' id='word_1_176' title='bbox 296 2250 396 2300; x_wconf 88' lang='lat' dir='ltr'><strong>lustrat</strong></span> <span class='ocrx_word' id='word_1_177' title='bbox 406 2263 507 2298; x_wconf 85' lang='lat' dir='ltr'><strong>vacuas</strong></span> <span class='ocrx_word' id='word_1_178' title='bbox 519 2248 665 2315; x_wconf 91' lang='lat' dir='ltr'><strong>Pompeius</strong></span> <span class='ocrx_word' id='word_1_179' title='bbox 677 2265 784 2301; x_wconf 88' lang='lat' dir='ltr'><strong>arenas.</strong></span> 
     </span>
     <span class='ocr_line' id='line_1_32' title="bbox 135 2317 850 2386; baseline 0.006 -19"><span class='ocrx_word' id='word_1_180' title='bbox 135 2319 222 2379; x_wconf 72' lang='lat' dir='ltr'><strong>Quem</strong></span> <span class='ocrx_word' id='word_1_181' title='bbox 233 2324 377 2386; x_wconf 87' lang='lat' dir='ltr'><strong>postquam</strong></span> <span class='ocrx_word' id='word_1_182' title='bbox 390 2317 508 2367; x_wconf 82' lang='lat' dir='ltr'><strong>famulae</strong></span> <span class='ocrx_word' id='word_1_183' title='bbox 518 2320 629 2384; x_wconf 92' lang='lat' dir='ltr'><strong>propius</strong></span> <span class='ocrx_word' id='word_1_184' title='bbox 640 2320 734 2370; x_wconf 79' lang='lat' dir='ltr'><strong>videre</strong></span> <span class='ocrx_word' id='word_1_185' title='bbox 745 2319 850 2382; x_wconf 86' lang='lat' dir='ltr'><strong>fideles,</strong></span> 
     </span>
     <span class='ocr_line' id='line_1_33' title="bbox 133 2387 738 2455; baseline 0.002 -18"><span class='ocrx_word' id='word_1_186' title='bbox 133 2387 195 2437; x_wconf 93' lang='lat' dir='ltr'><strong>Non</strong></span> <span class='ocrx_word' id='word_1_187' title='bbox 207 2387 279 2437; x_wconf 91' lang='lat' dir='ltr'><strong>ultra</strong></span> <span class='ocrx_word' id='word_1_188' title='bbox 290 2388 407 2455; x_wconf 82' lang='lat' dir='ltr'><strong>gemitus</strong></span> <span class='ocrx_word' id='word_1_189' title='bbox 418 2388 519 2437; x_wconf 91' lang='lat' dir='ltr'><strong>tacitos</strong></span> <span class='ocrx_word' id='word_1_190' title='bbox 528 2388 666 2438; x_wconf 88' lang='lat' dir='ltr'><strong>incessere</strong></span> <span class='ocrx_word' id='word_1_191' title='bbox 680 2387 738 2438; x_wconf 83' lang='lat' dir='ltr'><strong>fata</strong></span> 
     </span>
    </p>

    <p class='ocr_par' dir='ltr' id='par_1_13' title="bbox 90 2456 857 2594">
     <span class='ocr_line' id='line_1_34' title="bbox 90 2456 760 2523; baseline 0 -15"><span class='ocrx_word' id='word_1_192' title='bbox 90 2457 124 2508; x_wconf 80' lang='grc'><strong>65</strong></span> <span class='ocrx_word' id='word_1_193' title='bbox 137 2456 290 2507; x_wconf 90' lang='lat' dir='ltr'><strong>Permisere</strong></span> <span class='ocrx_word' id='word_1_194' title='bbox 302 2457 361 2518; x_wconf 86' lang='lat' dir='ltr'><strong>sibi,</strong></span> <span class='ocrx_word' id='word_1_195' title='bbox 373 2456 529 2523; x_wconf 78' lang='lat' dir='ltr'><strong>frustraque</strong></span> <span class='ocrx_word' id='word_1_196' title='bbox 541 2457 673 2508; x_wconf 87' lang='lat' dir='ltr'><strong>adtollere</strong></span> <span class='ocrx_word' id='word_1_197' title='bbox 685 2463 760 2508; x_wconf 91' lang='lat' dir='ltr'><strong>terra</strong></span> 
     </span>
     <span class='ocr_line' id='line_1_35' title="bbox 136 2523 857 2594; baseline 0.004 -20"><span class='ocrx_word' id='word_1_198' title='bbox 136 2523 326 2575; x_wconf 88' lang='lat' dir='ltr'><strong>Semianimem</strong></span> <span class='ocrx_word' id='word_1_199' title='bbox 349 2533 481 2575; x_wconf 88' lang='lat' dir='ltr'><strong>conantur</strong></span> <span class='ocrx_word' id='word_1_200' title='bbox 502 2524 607 2576; x_wconf 86' lang='lat' dir='ltr'><strong>herem:</strong></span> <span class='ocrx_word' id='word_1_201' title='bbox 637 2542 716 2593; x_wconf 91' lang='lat' dir='ltr'><strong>quam</strong></span> <span class='ocrx_word' id='word_1_202' title='bbox 737 2533 857 2594; x_wconf 85' lang='lat' dir='ltr'><strong>pectore·</strong></span> 
     </span>
    </p>

    <p class='ocr_par' dir='ltr' id='par_1_14' title="bbox 135 2596 848 2733">
     <span class='ocr_line' id='line_1_36' title="bbox 610 2596 727 2647; baseline 0.009 -1"><span class='ocrx_word' id='word_1_203' title='bbox 610 2596 640 2646; x_wconf 88' lang='lat' dir='ltr'>M</span> <span class='ocrx_word' id='word_1_204' title='bbox 678 2613 727 2647; x_wconf 91' lang='lat' dir='ltr'><strong>nus</strong></span> 
     </span>
     <span class='ocr_line' id='line_1_37' title="bbox 135 2611 848 2733; baseline 0.004 -19"><span class='ocrx_word' id='word_1_205' title='bbox 135 2663 235 2723; x_wconf 75' lang='lat' dir='ltr'><strong>Ambit,</strong></span> <span class='ocrx_word' id='word_1_206' title='bbox 247 2669 274 2712; x_wconf 90' lang='lat' dir='ltr'><strong>et</strong></span> <span class='ocrx_word' id='word_1_207' title='bbox 285 2664 432 2713; x_wconf 80' lang='lat' dir='ltr'><strong>adstrictos</strong></span> <span class='ocrx_word' id='word_1_208' title='bbox 444 2663 549 2714; x_wconf 79' lang='lat' dir='ltr'><strong>refovet</strong></span> <span class='ocrx_word' id='word_1_209' title='bbox 561 2611 746 2733; x_wconf 53' lang='lat' dir='ltr'><strong>eompffxuus</strong></span> <span class='ocrx_word' id='word_1_210' title='bbox 758 2671 848 2717; x_wconf 87' lang='lat' dir='ltr'><strong>artus..</strong></span> 
     </span>
    </p>
   </div>
   <div class='ocr_carea' id='block_1_3' title="bbox 0 0 982 3106">
    <p class='ocr_par' dir='ltr' id='par_1_15' title="bbox 0 0 982 3106">
     <span class='ocr_line' id='line_1_38' title="bbox 0 0 982 3106; baseline 0 0"><span class='ocrx_word' id='word_1_211' title='bbox 0 0 982 3106; x_wconf 95' lang='lat' dir='ltr'><strong> </strong></span> 
     </span>
    </p>
   </div>
  </div>
 </body>
</html>
