1956 3106
191 115 477 170 PHARSALIA.
513 118 604 169 LlB.
630 121 682 173 lV.
770 122 805 173 ts

65 238 105 290 Ut
114 237 223 288 vincare
231 242 317 303 potes'.
345 235 421 288 Dum
428 237 549 306 ferrum,
559 238 715 308 incertaque
722 241 797 310 fata,
814 241 867 292 21⁵

64 307 173 374 Quique
180 305 254 371 fluat
265 309 349 358 rnntto
362 323 414 358 non
427 305 513 356 deerit
523 308 632 359 uulnere
644 310 765 378 sanguis,

63 377 146 430 Ibitis
157 377 194 426 ad
203 376 357 427 donsinum?
370 378 554 441 datssnataque
565 375 645 445 signa
652 379 773 449 feretis?

67 446 157 512 thue
169 445 270 497 lrabeat
276 445 400 526 fascinatos
412 448 484 496 nullo
496 445 649 500 discrimine
662 445 764 500 Caesar

63 516 231 569 Exorandus
243 516 313 567 eret?
325 514 434 564 ducibus
440 532 542 581 quoque
558 516 616 568 uita
623 519 742 584 petenda
756 527 802 568 est.

65 585 219 652 Numquam
240 594 332 637 nostra
355 586 427 634 satus
444 585 567 651 pretium
587 603 739 656 mercesque
760 606 800 639 ne·
814 590 868 637 220

557 657 643 708 undae

63 724 233 777 Proditionis
243 724 315 775 erit:
325 740 377 775 non
387 722 437 774 lsoc
448 655 628 788 ciuiliasbella,

67 796 105 847 t'r
117 796 244 856 uiuamus,
257 803 353 863 agunt.
386 791 533 846 Trahimur
545 795 591 844 snb
603 797 708 849 nomine
714 798 803 865 pacis.

63 865 128 918 Non
140 864 272 933 chalybem
281 873 376 931 gentes
384 864 497 931 penitus
502 863 635 933 fugiente
646 871 754 919 metatio

63 936 213 996 licuerant,
224 933 293 986 nulli
303 936 439 984 satiarent
450 933 549 1000 oppida
560 935 640 997 asari,

63 1006 124 1058 ,Non
135 1005 239 1071 sonipes
251 1004 279 1056 in
289 1003 356 1053 detta
363 1003 459 1072 ferox,
471 1020 523 1055 non
535 1003 589 1054 iret
600 1004 629 1055 in
639 1022 740 1071 aequor
814 1007 866 1056 225

66 1075 234 1143 Turrigeras
246 1072 338 1124 classis
346 1074 447 1140 pelago
459 1088 590 1137 sparsura
602 1075 722 1136 carinas,

65 1146 97 1197 Si
110 1145 172 1196 bene
185 1144 297 1194 tibertus
308 1158 433 1207 utinquam
441 1157 494 1206 pro
501 1158 570 1208 pace
582 1143 704 1194 daretur.

62 1215 164 1267 Hostes
174 1229 264 1277 nessspe
276 1226 345 1261 saeos
358 1210 452 1260 sceleri
461 1211 556 1261 iurata
567 1211 686 1280 nefando

64 1285 246 1335 Sacrasssenta
258 1289 362 1331 tenent:
372 1289 402 1330 at
412 1280 485 1331 codis
494 1280 575 1332 citior
586 1280 634 1333 lsoc
646 1293 686 1333 est

69 1350 251 1418 i‘estrafides,
263 1350 391 1416 quodpro
404 1366 498 1403 caussa
506 1352 695 1419 pregnantibus
702 1368 793 1418 aequa
814 1351 869 1404 230

62 1424 105 1478 Et
117 1421 221 1473 reniam
231 1436 343 1486 sperare
352 1420 424 1470 licet.
452 1419 508 1470 Pro
521 1421 583 1472 dira
590 1422 707 1488 prodaris

63 1491 204 1544 Foedera!
214 1507 285 1542 nunc
296 1499 353 1540 toto
359 1490 485 1558 fatorum
497 1491 610 1558 ignarus
620 1492 649 1543 in
661 1491 733 1554 orde,

64 1562 176 1629 Magne,
185 1577 271 1627 paras
284 1560 365 1622 acies,
377 1561 520 1627 nsnnds'que
533 1570 653 1613 extrema
665 1572 782 1614 tenentes

69 1631 206 1682 Sollicitas
216 1646 300 1698 reges,
313 1647 371 1681 cum
378 1631 478 1700 forsan
484 1631 596 1701 foedere
607 1643 700 1683 nostro

68 1703 127 1755 lam
138 1701 189 1752 tidi
199 1701 235 1752 sit
243 1700 378 1768 promissa
389 1703 470 1751 satus.
501 1697 546 1749 Sic
556 1698 639 1763 fatur,
651 1708 678 1752 et
691 1718 784 1753 omnes
815 1702 868 1751 235

30 1768 35 1775 '
67 1773 212 1827 Concussit
223 1777 337 1831 mentes,
349 1771 537 1836 scelerumque
553 1770 663 1821 reduxit
674 1787 804 1823 autorem.

68 1840 170 1894 Sicubi
183 1840 313 1890 desuetae
326 1838 399 1889 silvis
409 1840 437 1888 in
450 1853 562 1889 carcere
574 1840 667 1891 clauso

67 1912 249 1964 Mansuevere
261 1907 345 1967 ferae,
358 1914 386 1957 et
396 1909 485 1958 vultus
496 1922 613 1973 posuere
624 1911 753 1973 minaeeS,

67 1984 155 2048 Atque
167 1976 303 2028 hominem
317 1975 436 2026 didicere
448 1978 519 2042 pati:
532 1978 554 2026 si
564 1979 670 2030 torrida
681 1996 781 2046 parvus

67 2052 151 2102 Venit
161 2049 189 2097 in
200 2063 249 2098 ora
261 2060 350 2105 eruor,
362 2046 476 2095 redeunt
486 2045 629 2114 rabiesque
640 2047 770 2115 tssrorque
817 2047 872 2096 240

68 2120 286 2183 Admonitaeque
296 2121 404 2165 tunsent
414 2121 525 2181 gustato
537 2119 667 2184 sanguine
679 2117 788 2168 fauces:

68 2192 177 2249 Ferret,
191 2194 218 2237 et
230 2203 245 2236 a
256 2183 364 2251 trepido
374 2185 420 2234 vix
432 2182 551 2234 abstinet
561 2186 602 2235 ira
612 2187 752 2253 magistro.

68 2261 127 2311 ltur
136 2261 165 2309 in
176 2272 255 2308 enine
267 2254 358 2305 nefas:
371 2262 398 2306 et
410 2268 479 2321 quae
490 2253 621 2316 Fortuna,
633 2255 745 2306 deorum

68 2328 183 2389 Invidia,
195 2342 279 2378 caeca
289 2324 422 2375 bellorum
433 2325 460 2372 in
472 2328 554 2373 nocte
565 2325 681 2387 tulisset,

67 2400 147 2450 Fecit
160 2403 283 2447 monstra
294 2395 374 2445 tides:
387 2396 458 2445 inter
469 2407 632 2461 mensasque
644 2402 783 2462 torosque,
816 2395 872 2446 245

70 2470 147 2528 erue
159 2466 240 2516 niodo
253 2464 396 2531 complexu
407 2463 536 2514 foverunt
546 2471 669 2530 pectora,
682 2465 806 2517 caedunt.

67 2540 104 2588 tlt
116 2537 238 2603 quamvis
248 2536 335 2601 primo
347 2533 448 2585 ferrum
462 2534 597 2584 strinxere
608 2535 757 2602 gementes,

68 2609 105 2658 Ut
116 2608 230 2657 ‹lextrae
241 2604 305 2654 iusti
317 2604 422 2671 gladius
435 2603 575 2654 dissuasor
585 2602 718 2668 adhaesit,

71 2678 140 2726 ttoni
154 2675 264 2735 feriunt,
277 2673 359 2724 odere
370 2689 444 2737 suos,
456 2676 614 2740 animosque
625 2674 749 2728 labantes
