1956 3106
212 200 502 251 Pullus-tell.
538 201 628 250 hill.
656 202 707 252 vl.
774 202 825 252 123

88 323 180 387 Quom
192 321 258 373 miti
267 321 361 372 mortis
372 337 456 370 artior.
487 319 571 370 Simul
583 318 650 368 baec
666 318 778 381 effatur,
798 326 826 371 et

564 387 634 437 altus

94 463 243 512 Caesareas
254 460 340 525 pulvis
350 463 469 508 testatur
480 458 575 509 adesse
587 455 724 507 cohortes.

93 530 220 580 Dedecus
231 527 275 578 bie
285 526 348 578 belli
358 528 459 593 Magno
471 529 625 594 crimenque
635 528 748 587 remisit,

92 598 134 650 Ne
145 597 232 649 solum
243 602 319 647 totae
330 596 456 662 fugerent
466 601 502 659 te,
515 594 628 658 Scaeva,
640 601 782 645 catervae:

89 666 233 718 *Subducto
245 667 290 734 qui
299 666 389 716 Marte
401 667 469 715 ruis:
488 680 550 714 nam
561 666 691 732 sanguine
701 664 763 714 suso
837 664 887 714 25⁰

46 776 52 791 .
91 737 174 790 Vires
185 750 276 804 pugna
287 734 377 785 dabat.
406 733 557 784 Labentem
569 735 770 784 turbasuorum

90 802 825 872 Excipit,atquehumerisdefectumimponeregaudet:
894 812 909 823 ··

88 877 130 926 Ao
140 874 223 925 veluti
233 873 364 924 inclusum
377 871 500 939 perfosso
511 874 538 921 in
549 878 660 939 pectore
672 887 779 934 numen,

90 945 128 994 Et
139 945 226 994 vivom
237 958 352 1011 magnae
362 943 481 1008 speeiem
491 943 598 992 virtutis
610 941 737 991 adorant:

86 1013 212 1080 Telaque
223 1013 337 1063 confixis
349 1015 456 1060 cert-ant
466 1009 580 1060 evellere
592 1010 728 1071 membris,
835 1006 885 1058 255

90 1083 286 1148 Exornantque
298 1081 373 1141 deos,
386 1095 419 1129 ac
428 1078 528 1128 nudum
537 1084 650 1144 pectore
660 1079 778 1127 Martem

90 1151 188 1212 Annis,
200 1148 314 1211 Scaeva,
325 1150 387 1199 tuis.
410 1146 487 1198 Felix
499 1145 552 1197 hoo
563 1147 671 1196 nomine
682 1145 780 1208 famae,

91 1219 122 1270 Si
132 1220 182 1269 tibi
193 1218 276 1268 durus
286 1199 357 1280 lber,
371 1222 418 1267 aut
429 1217 452 1266 si
463 1215 511 1266 tibi
521 1221 601 1283 terga
611 1215 731 1265 dedisset

92 1287 230 1338 Cantaber
238 1287 349 1353 exiguis,
363 1292 411 1335 aut
420 1285 508 1352 longis
519 1286 662 1336 Teutonus
671 1286 760 1335 armis.

91 1355 336 1407 Nontubellorum
347 1354 440 1421 spoliis
452 1354 695 1404 ornareTonantis
835 1351 884 1403 alo

89 1425 208 1493 'Templa
219 1430 306 1491 potes,
317 1441 370 1476 non
383 1431 412 1475 tu
424 1424 504 1474 luetis
514 1422 618 1473 ululare
630 1421 781 1488 triumphis.

89 1494 197 1557 infelix,
210 1501 311 1562 quanta
322 1494 460 1545 dominum
469 1495 570 1544 virtute
581 1490 697 1559 parasti!
803 1540 806 1544 i

143 1563 201 1616 Nec
217 1565 304 1632 magis
321 1562 372 1615 bac
387 1563 504 1631 Magnus
521 1568 671 1614 castrorum
688 1567 766 1630 parte
781 1576 823 1613 re·

583 1631 657 1682 ulsus
725 1646 727 1649 ·

74 1715 76 1722 ’
89 1702 166 1752 intra
177 1701 295 1751 claustra
305 1703 391 1770 piger,
402 1700 486 1753 dilato
497 1647 596 1762 Marde,
609 1701 718 1768 quievit,

91 1771 180 1831 Quam
191 1784 266 1820 mare
275 1769 402 1832 lassatur,
414 1785 474 1820 eum
486 1785 515 1820 se
525 1770 682 1820 tollentibus
692 1769 773 1818 Euris
833 1764 883 1817 265

90 1840 273 1906 Frangentem
284 1838 382 1890 fluetus
393 1839 534 1905 scopulum
545 1838 618 1900 ferit,
630 1844 677 1888 aut
686 1836 758 1887 latus
769 1834 816 1886 alti

61 1928 63 1935 ¹
90 1908 194 1959 Montis
206 1907 291 1968 adest,
303 1923 444 1974 seramque
454 1906 505 1958 sibi
517 1913 597 1974 parat
607 1908 680 1957 unda
690 1906 803 1956 ruinam.

91 1978 164 2028 Hinc
174 1976 263 2025 vicina
271 1983 366 2042 petens
377 1975 483 2042 placido
496 1975 609 2027 castella
618 1975 753 2042 profundo

89 2048 203 2098 incursu
214 2045 313 2113 gemini
325 2045 422 2095 Martis
433 2046 517 2109 rapit=
536 2060 664 2112 armaque
673 2045 729 2094 late

90 2115 211 2184 Spargit,
223 2119 251 2164 et
262 2111 348 2164 elluso
358 2113 434 2163 laxat
444 2115 563 2164 tentoria
573 2129 683 2179 campo:
833 2114 883 2162 27⁰

90 2184 293 2303 Mutandaeque
302 2185 378 2233 iurat
388 2183 520 2247 permissa
529 2182 640 2233 licentia
649 2187 748 2231 terrae.

91 2253 135 2305 Sic
145 2254 226 2322 pleno
263 2252 330 2303 adus
341 2265 389 2302 ore
399 2256 507 2301 tumens
518 2265 600 2316 super
611 2263 710 2318 aggere
721 2254 795 2300 tutas

90 2324 218 2374 Excurrit
228 2323 310 2389 ripas,
322 2326 350 2372 et
359 2325 433 2372 totos
445 2320 567 2370 concutit
577 2333 672 2387 agros:

87 2391 240 2443 Succubuit
249 2393 271 2442 si
284 2405 337 2459 qua
346 2389 435 2452 tellus,
446 2387 635 2455 cumulumque
647 2387 781 2437 furentem

92 2460 229 2512 Undarum
240 2475 294 2511 non
306 2475 396 2526 passa,
408 2459 474 2508 ruit:
494 2463 559 2507 tunc
570 2457 680 2507 ilumine
691 2460 751 2505 toto
832 2457 882 2506 2⁶15

91 2531 212 2591 Transit,
223 2535 251 2580 et
259 2531 369 2596 ignotos
381 2529 469 2594 aperit
478 2526 527 2576 sibi
539 2528 646 2594 gurgite
658 2539 777 2591 campos.

88 2598 154 2650 lllos
164 2605 240 2649 terra
250 2598 319 2666 fugit
330 2598 468 2649 dominos:
487 2594 528 2646 bis
538 2611 603 2646 rure
614 2594 717 2647 colonis

90 2667 236 2728 decedunt,
248 2667 366 2718 donante
375 2667 461 2718 Pedo.
489 2665 543 2716 Vix
554 2665 659 2732 proelia
668 2665 769 2716 caesar

88 2735 227 2800 Senserat,
239 2735 325 2787 elatus
336 2734 447 2803 specula
457 2749 525 2802 quae
535 2735 656 2803 prodidit
665 2732 744 2803 ignis.
