1956 3106
148 338 182 389 98
315 337 353 387 Μ.
388 336 490 388 ΑΝΝ.
526 336 706 389 Lucam

149 457 239 524 Fugit,
250 462 278 507 et
289 456 324 506 ad
334 454 439 507 Phoebi
449 456 571 522 tripodas
582 455 686 507 rediere
697 455 803 508 futuras

150 527 256 593 Vixque
268 524 374 577 reiecta
384 525 499 575 eadit-
527 524 585 576 Nec
595 530 623 576 te
633 526 731 576 vicinia
740 526 789 576 leti

89 597 140 647 225
153 596 276 645 '1¹erritat
287 594 418 661 ambiguis
430 593 589 645 frustratum
600 594 727 656 sortibus,
738 595 823 662 Appia

151 665 211 714 iure
224 663 271 714 sed
280 665 386 713 incerto
397 663 497 724 mundi,
509 663 649 714 subsidere
661 678 773 730 reguum

151 731 295 784 Chalcidos
305 731 452 792 Euboicae,
464 747 535 780 rana
545 747 593 797 spe
604 738 691 797 rapte,
702 733 827 799 parabas.

150 803 212 852 Heu
224 801 343 861 demens,
354 800 454 849 nuilunr
464 800 526 849 beili
537 802 637 850 sentire
649 800 795 868 fragorem,

151 872 207 920 Tot
217 869 308 919 mundi
321 870 439 918 caruisse
450 869 535 929 maiis,
549 876 688 933 praestare
699 870 813 920 deorum

91 939 141 990 230
152 940 277 1004 Excepta
288 938 346 1002 quis
358 942 445 987 morte
457 935 563 1003 potasti
592 935 706 988 Secreta
716 940 821 989 tenebis

151 1008 256 1058 Litoris
268 1005 392 1067 Euboici,
404 1007 580 1056 memorando
593 1007 701 1057 condite
712 1007 803 1070 busto,

153 1077 213 1137 Qua
223 1075 305 1126 maris
316 1080 444 1142 angustat
454 1074 547 1125 fauces
558 1089 658 1125 saxosa
668 1077 808 1141 Carystos,

151 1147 187 1196 Et
197 1145 306 1195 tumidis
316 1143 416 1194 infesta
428 1145 494 1194 eolit
505 1159 558 1211 qua
567 1146 676 1194 numina
686 1143 846 1209 Rhaninrus,

150 1217 278 1265 Arctatus
288 1213 383 1280 rapido
395 1212 483 1263 ferret
494 1229 548 1281 qua
558 1215 664 1281 gurgite
676 1221 783 1280 pontus,

92 1285 141 1336 235
152 1285 322 1350 Euripusque
335 1281 426 1344 trahit,
438 1299 546 1333 cursum
556 1284 720 1333 mutantibus
732 1284 819 1345 undis,

152 1351 320 1403 Chalcidicas
333 1367 435 1418 puppes
447 1352 481 1402 ad
491 1353 609 1420 iniquam
621 1352 753 1402 classibus
762 1353 849 1405 Aulin.

203 1424 311 1472 interea
321 1421 431 1471 dunritis
443 1423 544 1471 Caesar
555 1422 695 1471 remeabat
704 1422 799 1484 iberis,

152 1492 287 1542 Victrices
299 1490 402 1556 aquilas
412 1491 492 1540 alium
502 1490 605 1539 laturus
616 1491 643 1539 in
654 1491 759 1540 orbern:

69 1616 72 1621 ,
153 1562 218 1609 Cum
229 1574 314 1625 prope
325 1558 444 1608 fatorum
456 1564 546 1608 tantos
558 1574 606 1623 per
617 1574 747 1624 prospera
755 1575 850 1610 cursus

92 1629 142 1678 240
152 1629 280 1678 Avertere
293 1628 344 1677 dei.
373 1627 452 1677 Nullo
465 1643 527 1677 nam
537 1628 626 1676 Marte
638 1629 774 1689 subactus,

153 1698 228 1746 intra
238 1702 390 1746 castrorum
401 1697 490 1745 timuit
501 1697 621 1745 tentoria
632 1696 729 1747 ductor
753 1705 756 1711 '

153 1765 273 1814 Perdere
284 1780 426 1814 successus
438 1764 583 1814 scelerum:
595 1780 655 1813 cuni
666 1781 752 1831 paene
763 1765 857 1818 fideles

154 1834 207 1884 Per
218 1839 259 1882 tot
268 1833 340 1882 bella
350 1848 453 1894 manus,
465 1834 580 1882 satiatae
592 1836 730 1900 sanguine,
742 1835 853 1885 tandein

154 1902 312 1952 Destituere
323 1901 432 1951 ducem:
452 1917 499 1952 seu
512 1908 617 1952 moesto
631 1903 746 1953 classica
756 1904 876 1970 paullum

94 1971 144 2020 245
157 1971 315 2021 intermissa
324 1985 400 2031 sono,
414 1970 573 2038 claususque
585 1977 613 2021 et
623 1970 736 2039 frigidus
748 1975 818 2023 ensis

154 2039 304 2106 Expulerat
314 2039 377 2088 beili
389 2039 486 2089 furias:
506 2056 562 2102 seu,
575 2044 696 2106 praemia
706 2042 781 2092 miles

154 2109 224 2159 Dum
236 2110 341 2158 maiora
352 2109 427 2173 petit,
441 2109 888 2180 damnatoansaniqueducemque,

153 2178 190 2227 Et
200 2177 303 2227 scelere
314 2178 432 2227 imbutos
442 2180 523 2228 etiarn
536 2195 606 2229 nunc
617 2181 743 2230 vendicat
753 2196 839 2232 enses.

154 2246 236 2296 Haud
247 2247 333 2312 magis
340 2252 468 2312 expertus
475 2247 627 2298 discrimine
634 2251 824 2300 Caesarinullo
833 2258 886 2314 est,

94 2316 145 2365 25⁰
157 2316 245 2376 Quam
255 2331 309 2366 nou
321 2331 336 2366 e
347 2315 445 2377 stabili,
455 2317 571 2367 tremulo
584 2317 632 2368 sed
643 2318 756 2368 cuimine
768 2328 868 2370 cuneta

153 2385 323 2450 Despiceret,
336 2390 474 2450 staretque
484 2401 566 2451 super
576 2387 722 2436 titubantia
732 2385 828 2437 fultus:

154 2455 210 2503 Tot
220 2455 305 2519 raptis
317 2460 428 2505 truncus
438 2455 570 2517 manibus,
582 2456 725 2522 gladioque
736 2455 847 2508 relictus

152 2522 244 2573 Paene
255 2538 314 2584 suo,
327 2523 371 2590 qui
381 2528 423 2573 tot
433 2529 528 2590 gentes
539 2525 566 2574 in
578 2524 650 2574 belia
660 2523 795 2587 trahebat,

152 2590 209 2642 Scit
219 2608 272 2642 non
286 2608 344 2643 esse
356 2592 432 2643 ducis
444 2594 562 2656 strictos,
574 2593 621 2644 sed
632 2594 733 2656 militis,
745 2609 831 2644 enses.

92 2661 142 2710 255
155 2659 216 2710 Non
227 2661 353 2727 pavidum
361 2662 416 2711 iani
426 2677 547 2712 murmur
558 2669 625 2724 erat,
636 2668 888 2728 necpectoretecto

153 2731 197 2779 ira
207 2730 307 2781 latens:
323 2745 385 2781 narn
397 2745 465 2798 quac
478 2730 574 2783 dubias
586 2733 770 2799 constringere
781 2741 888 2786 mentes

155 2799 258 2850 Caussa
273 2799 356 2862 solet,
380 2799 444 2850 dum
461 2801 573 2867 quisque
593 2808 688 2868 pavet,
711 2803 806 2871 quibus
827 2806 888 2871 ipse

623 2871 714 2921 timori
728 2879 778 2936 est,
