1956 3106
216 188 502 241 PHARSALIA.
537 190 629 242 LlB.
650 192 707 245 111.
795 195 829 245 45

94 309 205 362 Sedibus
216 309 327 376 Elysiis,
340 324 484 374 campoque
496 310 606 374 expulso
616 309 724 376 piorum

92 382 138 434 Art
151 377 271 447 Stygias,
283 379 378 445 inquit,
390 376 512 428 tenebras
523 391 663 443 insanosque
674 390 799 433 nocentes

92 451 157 502 Post
170 448 263 499 bellum
277 447 353 498 civile
364 445 467 496 tralror.
502 442 564 495 Vidi
574 445 634 512 ipen
647 456 763 501 tenentes

91 513 837 582 Eumenidas,quaterentquosoestrist‘ampaderarmis.
855 521 887 571 15

92 589 251 653 Praeparat
262 585 418 636 innumeras
425 598 529 651 puppes
540 583 699 636 Acherontis
710 590 802 639 adusti

90 656 233 708 Portitor:
245 655 272 704 in
283 657 381 705 inultas
390 657 521 705 laxantur
536 650 657 704 Tartara
664 672 774 722 poenas.

97 724 152 778 Vin
162 723 239 790 operi
247 724 357 774 iunctae
369 726 468 775 dextra
477 734 643 788 properante
653 740 758 777 sorores

93 792 256 860 Sufficiunt:
268 796 372 844 lassant
382 799 532 857 rumpentes
542 792 660 844 stamine
670 792 782 846 Parcas.

93 863 216 930 Coniuge
227 878 267 912 sne
278 864 363 913 laetos
374 861 487 921 duxisti,
499 859 609 928 Magne,
624 862 790 930 reternptos:
853 867 885 914 211

91 931 216 984 Fortuna
226 941 266 982 est
276 941 383 984 mostata
395 930 480 981 toris.-
490 945 641 995 semperque
648 942 772 997 potentes

90 1001 243 1053 Detrahere
253 1001 281 1050 in
294 1000 395 1050 cladem
401 1000 468 1068 fato
481 999 610 1050 damnata
621 1002 742 1062 maritos,

89 1072 135 1124 tt'n
147 1070 239 1137 nupsit
251 1069 341 1134 tepido
351 1070 443 1135 pellex
455 1065 579 1116 Cornelia
591 1067 674 1119 orosto.

89 1140 215 1191 Haereat
224 1139 273 1188 illo
284 1138 338 1188 tuis
348 1153 398 1204 per
410 1136 488 1193 bella,
498 1150 547 1200 per
558 1151 676 1200 aequora
688 1138 781 1205 signis,

88 1206 163 1259 Dum
176 1224 229 1260 non
241 1222 348 1257 securos
359 1205 441 1256 liceat
452 1202 518 1253 milti
528 1219 650 1269 rsttrspere
660 1221 771 1265 sonmos,
854 1209 887 1256 25

88 1276 130 1328 Et
139 1279 240 1328 nullum
253 1284 341 1324 oestro
353 1288 465 1323 saeuum
477 1272 514 1321 sit
524 1282 627 1337 tempus
638 1274 735 1336 amori,

89 1346 146 1395 Sed
156 1353 248 1394 teneat
261 1341 413 1406 Caesarque
426 1341 490 1401 diet,
502 1350 526 1390 et
540 1339 611 1391 lulio
623 1352 719 1393 noctes.

91 1411 138 1464 Me
150 1430 201 1463 non
213 1409 357 1472 Lethaeae,
368 1409 474 1471 coniux,
485 1408 583 1460 oblivia
593 1409 671 1477 ripae

88 1479 373 1551 Immemoremfecere
385 1478 435 1540 tui,
447 1495 576 1547 regesque
588 1480 711 1532 silentum
773 1482 778 1487 '

88 1550 242 1604 Permisere
254 1549 337 1616 sequi.
380 1547 498 1607 Veniam,
510 1557 536 1599 te
548 1549 617 1600 tetta
627 1560 745 1617 gerente,
852 1552 885 1603 30

87 1619 313 1673 Inmediosneies.
326 1618 476 1684 Numquam
483 1617 541 1677 titi,
549 1617 657 1687 Magne,
663 1637 712 1686 per
719 1621 825 1672 umbras

89 1689 198 1754 Perque
210 1705 278 1739 roseos
289 1705 381 1740 rnenes
389 1703 518 1756 generum
530 1704 582 1739 non
593 1704 647 1739 este
658 1690 757 1740 licebit.

89 1757 213 1810 Abscidis
226 1762 332 1816 tritura
342 1759 424 1829 ferro
435 1767 484 1808 tun
494 1757 623 1821 pignora.
660 1757 764 1810 Bellum

94 1825 133 1879 Te
139 1827 230 1947 {sciet
243 1827 319 1877 ciuile
331 1844 425 1877 nrenm.
462 1824 507 1875 Sic
517 1824 584 1887 seta,
596 1825 698 1893 refregit

89 1898 141 1948 Um
162 1913 193 1947 re
204 1911 253 1962 per
264 1895 403 1960 amplexus
413 1895 512 1960 trepidi
524 1894 628 1961 dilapsa
639 1897 736 1946 uestiti.
854 1896 886 1945 35

144 1966 202 2025 tlte,
213 1965 256 2014 dei
268 1966 390 2030 quamtis
400 1964 505 2014 cladem
516 1979 663 2030 manesque
673 1966 817 2025 minentur,

89 2035 183 2087 Maior
193 2034 220 2083 in
233 2047 309 2082 asma
318 2034 381 2093 ruit,
394 2039 470 2082 certa
482 2047 541 2081 cum
553 2038 643 2083 mente
654 2035 795 2085 malorum.

90 2105 137 2166 Et,
148 2103 220 2168 qaid,
232 2103 279 2161 ait,
290 2100 354 2151 oani
365 2110 497 2150 terremur
509 2101 628 2168 imagine
638 2102 726 2153 oiseis?

92 2173 149 2224 Aut
161 2170 231 2224 sitit
240 2179 278 2220 est
290 2186 379 2219 sennes
389 2169 487 2219 animis
498 2185 514 2217 a
528 2180 612 2219 morte
623 2172 756 2229 relietum,

90 2243 149 2293 Aut
158 2257 228 2292 mors
239 2240 300 2306 ipso
311 2237 387 2290 nileil.
425 2239 507 2287 Titan
516 2239 570 2287 iam
581 2253 682 2302 pronus
692 2240 720 2290 in
732 2238 818 2289 undns
852 2241 886 2287 to

92 2311 163 2372 lbet,
176 2318 204 2361 et
214 2308 323 2377 igniferi
333 2314 438 2358 tantum
451 2306 619 2356 demerserat
632 2307 713 2370 orbis,

93 2382 231 2442 Quantum
244 2379 339 2429 deesse
351 2377 421 2428 solet
431 2375 521 2435 lunae,
533 2391 579 2424 seu
588 2376 766 2441 plenasutura
777 2384 826 2429 cst.

93 2449 211 2501 Senium
223 2449 303 2516 plena
314 2447 378 2497 tuit:
388 2455 453 2497 tune
466 2444 564 2495 obtulit
575 2442 684 2511 hospita
694 2446 773 2498 tellus

92 2519 233 2585 Puppibus
254 2533 381 2568 accessus
391 2515 499 2565 faciles:
511 2514 602 2581 legere
612 2514 750 2578 rudentes,

91 2591 130 2640 Et
142 2589 231 2654 posito
243 2589 324 2638 remis
335 2587 472 2652 petierunt
480 2583 562 2634 litore
573 2584 652 2635 malo.
853 2586 886 2635 45
897 2632 901 2639 ,

148 2659 257 2716 Cacsar,
269 2664 299 2707 ut
309 2657 422 2706 emisses
431 2655 504 2704 venti
517 2669 632 2719 sapuere
643 2656 758 2717 eatinus,

79 2727 294 2793 descenditque
304 2723 403 2775 fretum
416 2724 527 2784 classes,
539 2730 567 2773 et
578 2723 657 2776 litore
668 2725 742 2776 solus
