1956 3106
203 140 493 231 penetrem.
531 179 621 231 ara.
650 182 705 234 111.
746 172 749 177 ’
792 183 825 233 ss

90 303 180 368 Usque
191 300 370 350 Paraetonias
381 299 442 348 an
453 297 487 347 ad
497 298 578 348 litora
591 296 694 364 Syrtes.
836 301 885 352 205

89 371 234 436 Acciperet
243 369 309 419 felix
319 383 353 417 ne
364 383 417 416 non
429 367 513 416 semel
524 367 616 416 omnia
628 370 737 434 Caesar,

90 438 260 492 Vincendum
270 439 374 504 pariter
385 435 527 486 Pharsalia
536 438 674 502 praestitit
686 440 788 489 orbem.

143 508 190 558 llle
201 507 247 557 ubi
258 507 378 557 deseruit
389 505 550 570 trepidantis
562 507 671 557 moenia
680 508 793 570 Romae,

91 578 202 645 Agmine
214 575 366 625 nubiferam
378 582 458 640 rapto
471 575 646 640 superevolat
655 576 758 643 Alpem.

92 648 210 712 Cumque
224 645 268 694 alii
278 644 367 696 famae
378 644 471 710 populi
480 650 587 694 terrore
596 653 736 710 paverent,
834 645 884 695 300

90 714 208 766 Phocais
218 715 245 763 in
257 714 344 763 dubiis
356 729 422 764 ausa
434 720 476 763 est
486 729 595 764 servare
606 716 730 766 iuventus

90 782 151 835 Non
166 783 250 834 Graia
259 782 369 835 lenitate
380 783 471 844 fideus,
483 784 642 851 signataque
655 785 723 847 iura,

89 853 126 904 Et
138 867 257 914 caussas,
269 867 323 902 non
334 852 400 914 fata,
412 853 496 919 sequi.
516 853 620 902 Tamen
632 861 694 906 unte
700 854 822 905 furorem

90 922 252 972 lndomitum
264 918 412 990 duramque
423 922 472 969 riri
488 919 633 972 deflectere
644 931 762 975 mentem

89 991 210 1042 Pacifico
222 1006 346 1041 sermone
357 995 464 1057 parant,
478 987 824 1060 hostemquepropinquum
833 992 884 1043 305

90 1060 186 1124 Orant,
199 1062 348 1126 Cecropiae
360 1056 483 1125 praelata
495 1057 591 1108 fronde
602 1061 754 1112 Mineruae:

143 1130 251 1195 Semper
262 1130 289 1180 ia
301 1128 419 1180 externis
426 1129 526 1192 populo
538 1130 686 1179 corruuuuia
698 1139 783 1181 oestro

88 1197 242 1250 Massiliam
254 1199 328 1250 bellis
340 1204 460 1247 testatur
467 1196 536 1265 fata
550 1197 651 1258 tulisse,

90 1267 253 1333 Comprensa
261 1265 397 1317 estLatiis
404 1280 582 1331 puiueremque
589 1266 729 1318 annalibus
739 1277 824 1319 aetas.

88 1335 129 1387 Et
140 1353 219 1397 nuuc,
230 1335 324 1402 ignota
335 1334 358 1384 si
369 1350 432 1399 quos
441 1333 511 1399 petis
521 1335 582 1384 orbe
595 1335 753 1405 triumpbos,
833 1336 883 1386 310

89 1402 190 1471 Accipe
202 1405 309 1456 devotas
319 1415 431 1455 externa
441 1403 468 1454 in
477 1404 585 1469 praelia
600 1405 718 1459 dextras.
904 1411 907 1418 '

88 1473 128 1525 At
139 1475 296 1545 sisenestas
307 1473 386 1535 acies,
397 1473 421 1522 si
432 1472 610 1539 dissperatis

87 1544 200 1595 Proelia
212 1544 354 1606 discordes,
367 1546 499 1612 lacrymas
510 1543 633 1594 civilibus
644 1544 726 1596 aruris

90 1613 280 1681 Secretumque
292 1615 392 1664 darrrus.
415 1612 581 1664 Tractentur
592 1616 702 1668 errluera
715 1617 789 1667 nulla

90 1683 176 1735 Sacra
186 1701 274 1735 ruane.
296 1682 325 1732 Si
336 1683 466 1734 coelicolis
471 1682 557 1752 furor
567 1700 644 1736 arina
657 1685 778 1745 dedisset,
833 1683 882 1734 315

87 1753 144 1804 Aut
154 1754 177 1804 si
187 1753 339 1821 terrigenae
352 1762 488 1804 tentarent
499 1762 575 1804 astro
590 1752 728 1823 Gigantes,

90 1820 147 1874 Non
159 1833 247 1873 terren
259 1822 370 1871 animet
381 1821 470 1887 pietas
481 1821 598 1873 bumana
609 1828 650 1875 vel
662 1824 746 1874 orieris

96 1889 143 1942 Vel
156 1892 221 1941 sotis
229 1893 357 1958 prodesse
371 1890 449 1950 Iovi5
462 1891 596 1958 sortisque
607 1893 714 1944 deorum

88 1960 220 2026 Igrrarum
234 1963 345 2012 rrsartale
354 1976 448 2025 gertus,
457 1977 506 2026 per
513 1961 635 2031 fulmina
646 1972 752 2014 tantam

91 2030 180 2079 Sciret
192 2027 280 2078 adbuc
290 2029 360 2078 coelo
371 2031 453 2078 tolum
467 2047 581 2098 regnare
596 2028 752 2084 Tonantem.
834 2028 884 2078 320

89 2099 163 2149 Adde
175 2098 245 2164 quod
254 2096 408 2149 innumerae
419 2109 583 2150 concurrunt
592 2101 706 2165 undique
714 2108 819 2167 gentes,

91 2167 147 2219 Nec
158 2169 196 2219 sic
207 2166 299 2218 barret
310 2166 382 2218 iners
392 2167 517 2216 scelerum
530 2169 658 2232 contagia
670 2169 791 2229 urreadus,

93 2237 128 2288 Ut
138 2238 243 2306 gladiis
253 2244 350 2306 egeant
362 2233 454 2287 civilia
467 2235 533 2285 bella
546 2238 653 2286 coactis.

93 2307 136 2358 Sit
146 2325 217 2360 mens
228 2308 281 2358 ista
292 2305 397 2373 quidem
412 2304 522 2365 curretis,
533 2317 563 2357 ut
574 2315 664 2356 vestra
675 2314 799 2358 recusent

90 2377 173 2438 Fata,
184 2396 232 2430 nec
244 2377 309 2428 baec
319 2375 389 2427 alius
401 2374 552 2426 conrruittut
560 2375 666 2443 proelia
677 2374 758 2426 utiles.
834 2375 884 2427 325

95 2443 146 2495 Cui
157 2465 208 2498 non
220 2457 358 2512 conspecto
368 2443 508 2513 languebit
520 2445 616 2496 dextro
624 2447 760 2511 parente?

95 2514 211 2579 Telaque
222 2517 320 2567 diversi
327 2514 507 2583 prohibebunt
517 2522 645 2584 spargere
651 2515 768 2598 fratres.

88 2584 168 2635 Finis
179 2584 253 2636 adest
266 2603 362 2646 rerum,
374 2585 397 2636 si
407 2602 457 2637 non
469 2584 638 2636 committitis
648 2583 702 2636 illis

89 2655 182 2713 Arma,
195 2654 285 2719 quibus
294 2656 338 2722 fus
350 2665 396 2706 est.
411 2653 561 2705 Nobisbaec
571 2671 673 2706 serrnnea
676 2656 823 2721 precandi:

93 2721 241 2776 Terribiles
252 2725 365 2792 aqrtilas,
377 2725 532 2796 infestaque
543 2724 622 2795 signa
634 2726 769 2794 relinquas
833 2723 883 2773 330
