1956 3106
152 143 204 194 230
324 140 362 190 Μ.
399 137 500 190 ANN.
536 137 717 190 Lucrini

90 262 142 314 115
153 260 350 313 Marmoribus:
369 256 515 326 stabatque
533 258 584 308 sibi
595 272 649 309 non
662 258 751 326 segnis
767 257 892 327 achates,

151 331 362 397 Purpureusque
374 327 451 393 lapis,
463 333 576 394 totaque
589 326 691 377 effusus
701 328 728 377 in
740 328 804 378 aula

152 398 317 450 Calcabatur
326 411 413 462 onyx:
433 396 534 447 ebenus
545 398 700 447 Mareotica
709 402 803 449 vastos

152 468 215 519 Non
228 469 317 534 operit
327 471 432 534 postes,
443 465 492 515 sed
502 470 559 516 stat
569 481 618 532 pro
631 466 731 517 robore
742 466 789 517 vili

152 537 297 598 Auxilium,
307 552 362 586 non
373 535 463 585 forma
474 534 579 585 domus.
608 535 685 586 Ebur
696 536 767 586 atria
776 538 871 599 vestit,

93 607 144 656 120
155 607 193 657 Et
204 606 311 657 subfixa
321 620 403 655 manu
411 603 518 653 foribus
528 603 674 654 testudinis
686 604 770 655 Indae

152 677 245 742 Terga
250 674 355 735 sedent,
363 672 459 722 crebro
470 673 591 723 oraculas
597 673 727 724 distincta
736 675 893 743 smaragde.

153 744 254 811 Fulget
263 757 371 810 gemma
381 742 458 803 toris,
471 747 499 791 et
507 741 615 808 iaspide
625 740 700 792 fulva
710 742 847 809 supellex.

151 811 245 862 Strata
254 813 369 861 micant:
381 812 468 876 Tyrio
480 825 594 877 quorum
605 826 668 877 pars
678 813 800 862 maxima
808 826 893 865 succo

152 881 239 930 Cocta
250 879 304 942 diu,
316 881 390 929 virus
402 894 455 929 non
466 894 521 929 nno
533 879 611 930 duxit
622 877 724 944 ahen03

91 949 142 999 125
154 949 224 1000 Pars
236 963 303 999 auro
315 948 437 1015 plumata
447 950 529 1012 nitet;
548 964 613 1015 pars
622 950 704 1017 ignea
716 964 811 1012 cocco,

152 1020 188 1069 Ut
198 1034 258 1069 mos
270 1024 313 1069 est
323 1015 430 1069 Phariis
440 1018 572 1068 miscendi
583 1018 646 1068 licia
655 1017 725 1069 telis.

152 1089 223 1138 'lum
239 1087 358 1138 famulae
374 1102 501 1137 numerus
517 1087 628 1150 turbae,
646 1086 817 1156 populusque
832 1090 883 1140 mi-

625 1157 718 1217 nister,

150 1225 280 1277 Discolor
290 1222 341 1276 hos
352 1226 470 1292 sanguis,
483 1225 550 1275 alios
561 1225 724 1276 distinxerat
735 1231 825 1277 actast

150 1295 229 1345 Haec
241 1294 373 1360 Libycos,
386 1310 449 1360 pars
460 1301 517 1344 tam
523 1294 608 1344 flavos
618 1296 690 1362 gerit
697 1294 785 1345 altera
791 1296 892 1361 crines,

89 1362 140 1413 13⁰
152 1364 189 1415 Ut
198 1364 277 1415 nullis
290 1366 391 1415 Caesar
402 1361 488 1414 Rheni
499 1379 528 1414 se
541 1364 616 1414 dicat
625 1365 652 1414 in
665 1366 736 1414 arvis

150 1434 221 1483 Tum
231 1433 326 1483 rutilas
336 1433 435 1482 vidisse
448 1448 549 1484 comas.
577 1433 645 1483 Pars
656 1434 795 1501 sanguinis
806 1435 863 1485 usti

150 1503 240 1552 Torta
250 1507 340 1567 caput,
354 1500 518 1568 refugosque
529 1516 626 1569 gerens
637 1517 654 1552 a
664 1501 755 1553 fronte
765 1503 881 1570 capillos

149 1569 208 1622 Nec
220 1585 273 1619 non
283 1568 378 1619 infelix
389 1568 462 1619 ferro
474 1570 578 1621 mollita
588 1573 723 1634 iuventus,

149 1640 237 1705 Atque
248 1644 360 1688 exsecta
369 1639 464 1688 virum.
494 1637 556 1688 Stat
568 1647 665 1690 contra
676 1639 775 1691 fortior
784 1646 874 1706 aetas,

89 1707 140 1759 135
151 1709 206 1759 Vix
217 1707 272 1757 ulla
283 1705 408 1758 fuscante
420 1713 511 1758 tamen
523 1708 651 1776 lanugine
663 1711 756 1761 malas.

201 1775 371 1827 Discubuere
381 1776 437 1827 illic
447 1792 476 1828 re
497 1793 535 1841 es,
550 1780 690 1846 maiorque
703 1784 828 1846 potestas

151 1849 267 1897 Caesar:
287 1851 314 1896 et
323 1846 469 1899 immodice
477 1793 595 1898 lerinam
606 1847 700 1899 fucata
712 1855 867 1902 nocentem.

150 1914 209 1967 Nec
221 1917 337 1981 sceptris
348 1922 478 1967 contenta
488 1919 552 1978 suis,
566 1933 616 1967 nec
627 1916 713 1968 fratre
725 1919 835 1982 marito,

148 1984 235 2036 Plena
245 1986 328 2034 maris
340 1985 415 2035 rubri
426 1985 528 2052 spoliis,
541 1987 666 2053 colloque
678 1989 818 2054 comisque

89 2054 141 2103 140
151 2053 268 2104 Divitias
281 2054 427 2120 Cleopatra
436 2056 515 2122 gerit,
529 2056 656 2123 cultuque
666 2056 783 2107 laborat.

152 2122 273 2173 Candida
284 2121 395 2174 Sidonio
407 2124 549 2190 perlucent
558 2132 674 2192 pectora
684 2126 739 2187 filo,

153 2191 232 2252 Quod
243 2190 341 2242 Nilotis
353 2208 417 2243 acus
428 2208 613 2259 compressum
624 2196 733 2261 pectine
743 2192 844 2247 Serum

150 2259 247 2322 Subit,
260 2266 288 2310 et
299 2268 411 2312 extenso
423 2262 526 2312 laxaiit
535 2265 652 2314 stamina
662 2263 732 2314 velo.

150 2329 284 2381 Dentibus
297 2328 340 2379 hic
352 2331 436 2380 nireis
447 2338 538 2382 sectos
550 2332 686 2383 Atlantide
697 2333 765 2386 silva

88 2398 140 2448 145
153 2400 312 2465 Imposuere
323 2399 417 2463 orbes3
438 2401 530 2467 quales
543 2400 577 2451 nd
590 2404 714 2452 Caesaris
725 2416 776 2452 ora

148 2467 207 2518 Nec
218 2472 299 2534 capto
310 2484 409 2519 venere
420 2470 495 2520 luha.
523 2469 594 2521 Pro!
613 2486 712 2522 caecus
724 2478 752 2522 et
764 2488 860 2527 annena

147 2536 301 2587 Ambitione
312 2536 397 2600 farm,
409 2539 497 2589 civilia
508 2538 580 2589 bella
590 2542 697 2607 gerenti

148 2605 265 2656 Divitias
278 2608 384 2672 aperire
396 2624 468 2669 suas,
478 2609 624 2659 incendere
635 2617 753 2661 mentem

146 2674 273 2740 Hospitis
286 2678 392 2726 armati.
421 2677 482 2729 Non
493 2679 528 2728 sit
538 2677 603 2728 licet
612 2679 657 2729 ille
670 2680 789 2731 nefando
