1956 3106
155 155 188 204 72
329 154 367 204 Μ.
403 153 503 204 ANN.
539 153 719 206 Lucanr

155 275 213 327 Nec
224 275 362 325 Romanus
374 280 442 335 erat,
454 276 563 341 quinon
575 279 723 341 agnoverat
733 271 841 323 hostem
882 302 885 307 ·

94 345 145 395 180
156 342 475 410 Arman'gantlacrymis,
483 343 643 409 singultibus
651 343 908 407 osoularumpunte.

154 415 200 476 Et,
213 413 334 481 quamvis
344 411 417 462 nullo
429 412 580 462 maculatus
591 414 729 480 sanguine,
741 412 826 473 miles,

156 484 233 544 Quae
241 482 332 548 potuit
344 479 450 540 iecisse,
462 481 548 530 timet.
573 481 643 540 Quid
655 487 769 547 pectora
780 478 892 546 pulsas?

156 551 235 614 Quid,
246 563 355 611 vesane,
366 547 468 615 genuini
486 548 566 599 fletus
577 551 640 615 quid
651 550 740 600 fundis
751 551 854 611 inanes,

154 620 212 672 Neo
223 626 251 671 te
262 625 360 685 sponte
371 624 420 668 tua
431 618 527 668 sceleri
539 633 636 683 parere
647 617 759 669 faterisl

92 689 144 738 185
155 692 246 758 Usque
253 689 358 739 adeone
364 687 453 750 times,
461 703 539 754 quem
547 686 651 738 arsacis
657 690 715 754 ipse
722 685 892 737 timendum?

155 760 275 811 Classica
287 757 351 807 dent
361 756 474 822 bellum3
487 771 584 807 saeros
594 762 624 806 tu
635 756 740 824 neglige
753 762 862 807 cantus:

154 827 238 896 Signa
249 826 352 889 ferant3
372 841 463 876 cessa:
478 826 587 875 iamiam
599 826 683 876 civilis
693 826 812 890 Erinnys

155 896 294 958 Concidet,
308 903 336 946 et
348 896 448 946 Caesar
458 910 588 962 generum
599 896 719 961 privatus
731 894 842 945 amabit.

152 965 231 1016 Nunc
243 965 317 1027 ades,
330 970 441 1014 aeterno
454 964 637 1031 complectens
647 964 737 1014 omnia
747 977 828 1026 nexu,

92 1034 142 1085 190
155 1035 177 1086 0
190 1050 280 1085 rerum
292 1034 423 1100 mixtique
435 1033 516 1097 selus,
529 1033 691 1095 Concordia,
703 1033 804 1094 mundi,

152 1103 353 1156 Etsacerorbis
365 1118 454 1153 amor:
466 1102 784 1170 magnumnuncsaeoula
794 1107 890 1152 nostra

152 1175 269 1226 Venturi
277 1171 425 1223 ¹discrimen
436 1171 546 1223 habent
575 1173 685 1223 Periere
695 1169 818 1222 latebrae

153 1246 210 1294 Tot
220 1242 367 1293 scelerum:
378 1240 479 1309 populo
490 1243 570 1293 venia
581 1249 623 1292 est
633 1248 728 1308 erepta
738 1241 860 1291 nocenti:

150 1315 292 1380 Agnovere
303 1328 376 1362 suos.
405 1311 460 1362 Pro
471 1313 579 1361 numine
591 1311 650 1361 seta
661 1312 779 1371 sinistro,

90 1380 140 1430 195
152 1382 260 1448 Exigua
271 1381 364 1448 requie
376 1386 468 1431 tantas
480 1382 608 1447 augentia
619 1379 723 1431 clades!

152 1451 210 1500 Pax
223 1456 290 1511 erat,
303 1457 331 1499 et
340 1449 426 1511 miles,
439 1450 535 1499 castris
545 1450 694 1514 permixtus
705 1450 836 1516 utrisque,

150 1518 282 1570 Errabat:
294 1517 362 1567 duro
375 1518 526 1567 concordes
538 1519 640 1582 cespite
651 1533 759 1568 mensas

151 1588 307 1647 instituunt,
320 1592 348 1636 et
358 1588 493 1651 permixto
505 1586 634 1635 libamina
644 1585 755 1637 Baccho

152 1655 305 1707 Gramineis
315 1653 418 1705 fluxere
429 1654 510 1705 focis:
522 1656 669 1722 iunctoque
681 1655 762 1706 cubili

89 1730 140 1778 200
152 1721 280 1776 Extrahit
288 1724 425 1774 insomnes
435 1723 569 1774 bellorum
580 1723 673 1775 fabula
682 1722 791 1776 noctes:

153 1796 213 1856 Quo
225 1794 341 1860 primum
352 1795 479 1844 steterint
490 1808 596 1859 campo,
609 1810 662 1861 qua
674 1794 770 1846 lancea
781 1795 879 1847 dextra

150 1865 265 1915 Exierit.
295 1861 376 1925 Dum,
390 1878 458 1929 qnae
468 1871 613 1930 gesserunt
624 1863 716 1927 fortia,
727 1866 841 1928 iactant,

151 1935 189 1984 Et
201 1933 263 1982 dum
274 1931 359 1982 multa
369 1939 478 2000 negant,
490 1932 561 1999 quod
574 1934 661 1984 solum
671 1934 731 1985 sata
742 1935 885 2002 petebant,

150 2005 201 2055 Est
213 2002 318 2052 miseris
328 2009 461 2052 renovata
471 2002 548 2064 fides,
561 2009 642 2070 atque
654 2019 733 2055 omne
743 2004 863 2054 futurum

91 2072 141 2123 205
154 2073 245 2124 Crevit
257 2070 445 2122 amorenefas.
464 2070 889 2140 Nampostquamfoederapacis
915 2094 919 2101 ·

152 2142 269 2209 Cognita
279 2140 399 2202 Petreio,
411 2156 494 2207 seque
506 2147 534 2191 et
544 2158 593 2192 sua
604 2143 705 2194 tradita
715 2157 811 2192 venum
938 2148 941 2153 '

153 2213 250 2261 Castra
258 2211 341 2271 ridet,
353 2210 760 2277 famulasscelerataadproelia
774 2210 887 2260 dextras

151 2281 271 2341 Excitat,
284 2287 366 2347 atque
376 2278 470 2330 hostes
481 2281 562 2330 turba
572 2283 687 2347 stipatus
697 2282 812 2331 inermes

151 2349 320 2415 Praecipitat
330 2350 435 2412 castris,
447 2351 607 2415 iunctosque
620 2348 785 2414 amplexibus
799 2362 863 2399 ense

89 2420 141 2471 210
153 2417 278 2485 Separat,
291 2425 319 2468 et
329 2419 413 2468 multo
426 2418 559 2468 disturbat
569 2418 698 2484 sanguine
708 2431 813 2482 pacem.

151 2486 261 2538 Addidit
269 2489 311 2536 ira
321 2487 400 2538 ferox
411 2493 533 2538 moturas
545 2486 650 2553 proelia
659 2500 755 2536 voces:

150 2556 291 2608 Immemor
303 2573 317 2605 o
327 2556 447 2621 patriae,
459 2557 598 2624 tignorum
609 2555 688 2605 oblite
699 2564 817 2621 talorum,

151 2622 181 2677 N
182 2642 215 2676 oa
221 2635 298 2692 poter
311 2625 359 2676 boc
369 2642 488 2686 coatrae,
500 2625 582 2687 aniles,
592 2634 736 2691 praestare
744 2637 863 2688 renatas,

88 2748 92 2758 p
149 2693 282 2746 Adsertor
294 2695 363 2744 nicto
374 2696 465 2744 redeas
477 2703 508 2744 ut
521 2693 654 2745 Caesare?
665 2705 736 2747 certe
