1950 3218
152 163 202 212 132
325 162 363 212 bl.
399 159 499 211 ANN.
535 158 716 212 Lucam

157 278 321 331 Extrahitur
332 288 437 346 partus,
449 278 545 329 calidis
557 279 702 345 ponendus
712 281 740 330 in
754 282 818 344 aris,

89 349 140 400 561)
152 353 188 401 Et
198 350 304 418 quoties
315 351 404 400 saeris
415 363 483 414 opus
494 352 537 397 cst
546 363 578 398 ac
588 347 705 399 fortibus
714 350 828 413 umbris,

150 423 213 485 lpsa
222 418 289 469 facit
299 434 404 468 manes:
416 415 556 465 bominum
562 432 636 467 mors
642 418 728 468 omnis
737 419 766 468 in
772 435 824 470 usu
834 424 886 471 111.

151 490 201 540 llla
210 504 296 556 genae
308 487 403 537 florem
416 486 556 553 primaevo
568 500 684 551 corpore
696 486 786 549 vulsit,

151 558 202 609 llla
212 573 318 608 comam
330 556 409 605 laesa
420 555 548 603 morienti
559 553 675 604 abscidit
686 552 800 620 ephebo.

152 625 240 693 Saepe
252 628 333 676 etiam
346 625 416 673 caris
427 628 545 690 cognato
557 624 585 672 in
598 621 693 674 funere
705 624 765 674 dira

90 696 141 746 565
153 694 292 746 Thessalis
301 693 423 743 incubuit
433 690 573 741 membris:
593 698 674 758 atque
685 694 780 744 oscula
789 695 887 763 ligeris,

151 763 353 828 Truncavitque
364 768 455 827 caput,
470 774 680 828 compressaque
691 760 818 814 dentibus
837 779 888 817 ora

150 832 280 882 Laxavit:
292 831 420 897 siccoque
432 828 591 879 haerentem
603 835 714 896 gutture
723 830 846 900 linguam

150 899 358 961 Praemordens,
370 898 466 966 gelidis
475 896 575 948 infudit
584 913 724 949 murmura
734 899 827 966 labris,

150 972 339 1036 Arcanumque
349 967 427 1018 nefas
441 965 552 1034 Stygias
564 967 703 1018 mandavit
712 969 748 1019 ad
757 971 878 1023 umbras.

90 1041 139 1089 570
151 1040 231 1091 Hanc
240 1044 272 1087 ut
281 1037 418 1088 famaloci
429 1037 561 1100 Pompeio
573 1036 705 1102 prodidit:
727 1038 784 1089 alta

149 1108 238 1158 Nocte
250 1108 315 1173 poli,
326 1107 408 1157 Titan
420 1105 537 1155 medium
550 1120 603 1172 quo
611 1111 735 1171 tempore
746 1107 824 1160 ducit

151 1177 205 1228 Sub
216 1184 312 1227 nostra
323 1177 421 1227 tellure
433 1175 516 1224 dicm:
535 1173 645 1224 deserta
655 1190 704 1240 per
714 1191 782 1226 arra

151 1247 244 1312 Carpit
253 1247 315 1297 iter.
343 1244 404 1296 Fidi
415 1243 548 1294 scelerum
560 1279 567 1303 ,
579 1245 703 1310 suetique
719 1247 836 1297 ministri

151 1314 289 1366 Effractos
302 1316 405 1364 circum
414 1311 533 1362 tumulos
545 1327 577 1361 ac
588 1311 670 1362 busta
679 1315 772 1380 vagati

94 1386 144 1434 515
158 1387 331 1448 Conspexere
343 1380 439 1449 procul
449 1386 596 1445 praerupta
605 1381 633 1429 in
644 1388 723 1432 caute
736 1383 887 1447 sedentem,

152 1454 212 1512 tina
221 1454 288 1518 iuga
297 1451 415 1500 devexus
427 1447 585 1498 Pharsalica
595 1450 710 1516 porrigit
718 1452 826 1503 Aemus.

149 1521 200 1570 llla
208 1521 295 1585 magis
306 1519 472 1585 magicisque
483 1517 540 1566 deis
549 1518 689 1584 incognita
698 1520 782 1569 rerba

152 1588 300 1648 Tentabat,
313 1600 476 1652 carmenque
487 1600 573 1634 novos
585 1586 704 1652 fingebat
713 1589 740 1637 in
751 1604 825 1640 usus.

151 1655 274 1722 Namque
285 1656 393 1716 timens,
409 1669 443 1704 ne
455 1655 530 1703 Mars
548 1654 628 1704 aliurn
644 1670 728 1724 vagus
739 1658 792 1708 iret
802 1660 831 1709 in
842 1675 885 1711 or·

582 1723 654 1785 bem,

92 1796 142 1844 580
154 1792 278 1846 Emathis
288 1799 317 1843 et
328 1792 408 1842 tellus
419 1798 476 1841 tam
488 1791 574 1842 multa
585 1793 669 1843 caede
680 1800 802 1857 careret3

152 1863 274 1914 Pollutos
286 1867 376 1923 cantu,
388 1860 506 1928 dirisque
516 1861 632 1912 renilica
641 1862 729 1912 succis

153 1935 328 1997 Conspersos,
349 1932 436 1980 vetuit
447 1932 632 1981 transmittere
646 1931 717 1982 bella
726 1929 877 1999 Philippos,

152 2003 209 2050 'lot
219 2005 322 2050 mortes
332 1997 458 2049 habitura
469 2015 540 2061 suas,
551 2015 686 2068 usuraque
697 2001 790 2055 mundi

154 2069 304 2137 Sanguine:
323 2083 465 2119 caesorum
476 2075 604 2119 truncare
616 2069 751 2120 cadavera
760 2085 857 2137 regum

33 2200 38 2209 ,
93 2139 145 2190 585
158 2137 265 2206 Sperat,
277 2145 305 2188 et
319 2139 468 2204 Hesperiae
481 2138 587 2188 cineres
598 2143 721 2188 avertere
732 2140 832 2205 gentis,

155 2209 278 2275 Ossaque
290 2208 428 2269 nobilium,
439 2211 585 2273 tantosque
597 2207 740 2274 adquirere
750 2218 854 2259 manes:

152 2277 207 2326 Hic
217 2277 308 2338 ardor,
319 2276 446 2343 solusque
455 2275 542 2336 labor,
554 2276 617 2342 quid
627 2290 743 2341 corpore
753 2276 850 2344 Magni

153 2345 282 2395 Proiecto
294 2347 392 2411 rapiat,
405 2359 472 2413 quos
486 2344 608 2394 Caesaris
617 2345 719 2394 involet
730 2351 815 2397 1111111.

154 2413 242 2474 Quam
252 2415 327 2479 prior
337 2412 446 2464 adfatur
455 2412 580 2477 Pompeii
590 2414 689 2480 ignava
699 2428 838 2483 propago:

94 2481 144 2531 590
158 2479 183 2533 0
196 2483 274 2532 decus
280 2481 488 2544 Haemonidum,
497 2482 604 2547 populis
611 2497 679 2545 quae
681 2482 802 2548 pandere
801 2483 883 2555 fata,

157 2548 283 2618 Quaeque
294 2566 341 2603 mo
351 2561 465 2604 ventura
472 2558 550 2617 potes
561 2550 693 2601 divertere
704 2566 795 2613 eursu,

157 2616 195 2668 Te
201 2633 308 2683 precor,
318 2629 351 2670 ut
361 2630 463 2672 certum
474 2618 555 2670 liceat
565 2617 630 2670 mibi
641 2620 848 2689 noscerefinem,

156 2684 239 2750 Quem
251 2686 314 2738 belli
321 2688 447 2741 Fortuna
455 2697 545 2756 paret.
573 2687 634 2740 Non
646 2688 742 2741 ultima
753 2690 851 2743 turbes
