1956 3106
176 156 460 226 PHARSAblA.
496 157 656 208 uiuri.
740 155 791 206 129

57 277 121 329 Non
134 275 197 326 fatis
209 276 343 326 adductus
356 290 446 324 anser:
466 274 635 340 flammisque
645 279 731 328 severi

45 347 47 350 ⁴
59 346 162 398 Illicitis
173 360 264 394 arsere
276 359 363 395 senes.
396 343 454 393 Nec
464 344 547 393 noxia
558 349 663 392 tantum

60 414 164 465 Pocula
174 415 334 480 proliciunt:
355 418 403 461 aut
414 427 475 461 cum
485 413 624 478 turgentia
633 427 716 464 succo
802 416 853 466 455

60 484 169 534 Frontis
181 489 323 532 amaturae
334 481 487 531 subducunt
497 482 613 547 pignora
624 479 706 533 fetae.

57 553 147 612 Mens,
160 550 249 601 hausti
261 551 333 600 nulla
343 551 418 599 sanie
430 550 533 616 polluta
543 551 648 611 veneni,

59 621 215 671 Excantata
226 621 303 685 perit.
335 619 409 679 Quos
420 634 473 668 non
485 619 632 668 concordia
642 620 721 670 mixti

59 689 168 755 Adligat
177 689 231 738 ulla
242 690 305 750 tori,
316 688 485 754 blandaeque
498 690 621 753 potentia
632 688 745 752 formae,

60 759 217 807 Traxerunt
227 759 294 806 torti
304 758 412 823 magica
421 759 555 822 vertigine
567 757 612 808 lili.
803 757 854 808 41111

60 827 209 877 Cessavere
220 827 293 877 vices
305 841 408 876 rerum:
428 826 565 892 dilataque
575 827 657 894 longa

60 896 160 945 Haesit
170 902 251 945 noete
263 896 333 945 dios:
355 895 408 961 legi
421 909 474 944 non
485 896 576 959 paruit
586 896 688 946 aether.

60 965 180 1029 Torpuit
190 971 218 1014 et
228 979 369 1030 praeceps,
383 963 476 1012 audito
490 966 618 1026 carmine,
630 968 757 1018 mundus:

60 1033 162 1082 Axibus
173 1039 204 1082 ut
215 1034 316 1099 rapidis
327 1033 457 1098 impulsos
470 1033 591 1098 luppiter
601 1049 699 1101 urgens

60 1103 178 1151 Miratur
188 1117 241 1151 nen
252 1103 292 1151 ire
305 1101 391 1167 polos.
420 1100 499 1150 Nunc
510 1102 601 1150 omnia
611 1103 749 1167 complent
803 1103 855 1154 4115

60 1170 204 1231 Imbribus,
216 1177 244 1219 et
254 1169 342 1220 calido
353 1169 508 1234 producunt
518 1168 611 1218 nubila
622 1168 748 1221 Phoebe:

59 1240 97 1288 Et
108 1243 188 1288 tonat
197 1239 293 1305 ignaro
305 1239 411 1287 coelum
421 1239 494 1287 love.
525 1236 646 1289 Vocibus
657 1240 742 1289 isdem

59 1309 214 1358 Humentes
225 1307 281 1356 late
291 1306 413 1368 nebulas,
424 1306 583 1373 nimbosque
594 1308 690 1358 solutis

57 1377 215 1426 Excussere
227 1376 320 1424 comis.
348 1375 444 1426 Ventis
456 1376 634 1438 cessantibus,
648 1392 751 1444 aequor

57 1443 205 1495 Intumuit=
223 1459 315 1495 rursus
326 1445 439 1494 vetitum
451 1446 551 1495 sentire
564 1446 697 1510 procellas
803 1448 854 1498 4111

59 1511 206 1575 Conticuit,
216 1513 343 1564 turbante
354 1512 379 1564 N
381 1519 441 1564 oto:
461 1515 625 1581 puppimque
635 1514 754 1566 ferentes

57 1584 88 1633 ln
98 1586 208 1633 ventum
220 1588 343 1634 tumuere
355 1584 436 1633 sinus.
465 1584 507 1633 De
519 1599 586 1649 rupe
599 1585 729 1650 pependit

58 1651 172 1702 Abscisa
182 1652 251 1703 fixus
263 1660 384 1703 torrens·
401 1654 540 1718 amnisque
551 1655 680 1716 cucurrit,

57 1719 120 1771 Non
132 1736 297 1787 quapronus
310 1728 378 1772 erat.
408 1720 497 1773 Nilum
508 1737 560 1771 non
574 1723 671 1774 extulit
687 1731 793 1775 aestas:
875 1769 880 1778 .

57 1789 312 1841 Maeanderdirexit
318 1805 414 1857 aquas:
426 1789 796 1858 Rhodanumquemorantem
803 1794 854 1844 415

58 1859 255 1922 Praecipitavit
264 1860 344 1907 Arar:
364 1859 497 1909 submisso
508 1862 612 1910 vertice
623 1868 730 1912 nientes

57 1926 223 1991 Explicuere
234 1927 335 1992 iugum.
364 1927 457 1978 Nubes
469 1931 591 1995 suspexit
602 1931 747 1995 Olympus:

57 1995 168 2046 Solibus
180 1995 294 2045 etnullis
307 1993 463 2059 Scythicae,
476 2013 535 2046 eum
547 1997 644 2048 bruma
654 2001 764 2066 rigeret,

59 2064 228 2116 Dimaduere
240 2065 323 2113 nives.
352 2065 496 2129 lmpulsam
509 2067 596 2115 sidere
608 2066 717 2131 Tethyn

59 2135 168 2200 Repulit
179 2132 388 2193 Haemonidum,
401 2133 512 2183 defenso
525 2135 613 2195 litere,
626 2151 743 2184 carmen.
803 2139 855 2189 ouo

59 2205 149 2253 'l‘erra
161 2217 269 2271 quoque
280 2203 385 2252 immoti
398 2205 536 2251 concussit
548 2204 675 2269 penderis
688 2218 776 2266 axem,

59 2273 97 2322 Et
105 2274 223 2323 medium
235 2286 350 2340 vergens
360 2270 488 2320 titubavit
498 2274 570 2320 nisus
580 2272 607 2320 in
620 2271 721 2321 orbem.

59 2343 167 2393 'santae
178 2342 257 2392 molis
271 2356 339 2390 onus
350 2355 507 2406 percussum
520 2355 588 2389 rere
599 2343 722 2402 recessit,

59 2411 292 2478 Prospectumque
303 2410 377 2460 dedit
392 2409 610 2459 circumlabentis
623 2410 740 2476 Olympi.

58 2479 145 2528 Omne
156 2486 253 2544 potens
266 2480 365 2529 animal
375 2480 431 2539 leti,
444 2480 618 2544 genitumque
630 2493 738 2540 nocere,
800 2479 852 2532 485

57 2549 94 2597 Et
104 2555 186 2614 pavet
197 2549 372 2609 Haemonias,
385 2554 413 2598 et
424 2548 556 2597 mortibus
565 2548 675 2597 instruit
687 2555 768 2598 nites.

56 2617 115 2666 llas
128 2617 223 2666 aridae
234 2619 326 2683 tigres,
339 2624 367 2667 et
377 2617 474 2666 nobilis
483 2618 524 2665 ira
536 2617 643 2666 leonum
761 2621 764 2625 '

55 2687 111 2734 tlre
123 2685 217 2736 forent
226 2685 339 2737 blande:
359 2686 464 2753 gelidos
475 2684 516 2736 1111
528 2686 648 2752 explicat
657 2686 746 2748 orbes,

92 2754 264 2805 beessus.
632 2756 642 2805 1
