1956 3106
192 187 481 241 PHARSALIA.
517 186 607 237 LIB.
635 183 723 240 VIII.
772 188 824 240 181

88 308 143 360 Sed
155 308 252 359 melior
262 305 378 357 suadere
390 305 480 365 malis,
493 310 521 354 et
530 320 610 354 nosse
621 310 762 371 tyrannos,

88 381 175 428 Ausus
187 375 348 441 Pompeium
360 373 414 422 leto
427 373 570 422 damnasse
582 371 727 422 Pothinus:

142 447 188 497 Ius
207 454 233 496 et
247 446 299 513 fae
321 444 418 492 nritltor
438 440 567 510 faciunt,
589 441 757 503 Ptolemaeo,
778 458 823 494 no·
852 448 855 453 ’

563 519 659 560 centes.

91 583 257 648 Datpoenai
270 579 471 645 laudatafidee,
484 595 542 629 rum
553 578 679 640 sustinet,
689 579 785 645 inquit,
833 579 883 630 485

93 652 164 713 Quoi
169 650 290 720 fortuna
297 648 405 715 premit.
436 645 514 699 Fatis
527 647 637 710 aceede,
650 647 762 713 deisque,

89 722 131 772 Et
140 721 194 770 cole
200 718 296 787 felices
304 735 315 777 ‚·
326 716 435 766 ruirerer
441 717 523 786 fuge.
542 717 640 769 Sidera
652 724 728 767 terra

94 787 130 837 Ut
142 788 257 847 distant,
269 796 299 836 ut
303 784 419 854 flamma
431 785 501 835 mari
507 821 514 845 ,
525 785 564 837 oia
575 785 642 837 utile
652 794 734 836 reeta.

92 857 265 923 Sceptrorum
276 855 315 905 ris
326 863 384 905 tota
392 854 477 920 perit,
489 855 514 905 si
519 855 634 921 pendere
645 856 720 906 iusta

89 925 205 993 Incipit:
225 924 372 991 evertitque
384 938 459 973 arcer
469 932 605 990 respectui
615 923 727 975 leonati.
834 921 885 973 490

89 993 216 1046 Libertas
227 996 355 1045 scelerum
366 1001 419 1053 ert,
433 1008 499 1057 quae
510 1008 595 1060 regna
606 991 692 1043 inrisa
704 1001 805 1053 tuetur,

92 1063 270 1130 Sublatusque
282 1063 375 1112 madai
382 1060 492 1128 gladiis.
512 1059 613 1111 Facere
625 1061 714 1112 omnia
724 1076 799 1111 saeue

89 1132 149 1186 Non
162 1134 269 1198 impune
279 1131 355 1190 licet,
368 1129 422 1180 nisi
432 1146 492 1180 rum
499 1128 584 1200 faris.
603 1129 696 1179 Exeat
707 1122 780 1191 aula,

93 1201 146 1264 Qui
157 1205 216 1252 vult
227 1216 279 1250 eae
287 1199 357 1266 piat.
382 1197 476 1249 Virtut
487 1207 513 1249 et
523 1212 626 1248 turnma
633 1205 756 1263 potestat

91 1272 154 1323 Noa
174 1277 283 1320 coeunt:
306 1283 408 1333 semper
423 1275 540 1329 metuet,
556 1281 633 1384 qhuem
647 1282 727 1318 eaera
742 1267 826 1333 pude-
850 1334 882 1385 95

582 1343 638 1385 unt.
831 1337 848 1384 4

91 1405 153 1458 Non
165 1406 272 1471 impune
283 1412 343 1454 tuor
354 1403 474 1474 Magnus
485 1402 654 1456 contemserit
664 1421 747 1455 annos
754 1419 765 1465 ;

93 1474 147 1538 Qui
159 1483 185 1525 te
195 1491 242 1525 nec
253 1472 336 1524 uictos
347 1490 440 1524 arcere
451 1491 467 1524 a
478 1474 557 1525 litore
567 1481 659 1524 nostro

89 1545 173 1597 Parae
181 1552 274 1610 putat.
293 1542 351 1594 Neu
362 1553 388 1595 te
400 1556 513 1609 sceptra
519 1543 672 1610 privaverit
682 1541 784 1608 lorpes,

89 1612 284 1682 Pignorarunt
290 1613 421 1681 propiora
428 1612 494 1664 tili:
505 1612 644 1678 Nilonque,
654 1610 825 1678 Pharonque,

91 1683 123 1736 Si
131 1700 246 1751 regnare
254 1681 345 1750 piget,
357 1683 499 1734 damnatae
509 1683 587 1733 redde
599 1682 693 1732 sorori.
832 1679 882 1730 500

90 1751 244 1819 Aegyptum
255 1761 325 1801 certe
335 1751 428 1802 Latiis
439 1761 563 1803 tueamur
574 1751 607 1801 al
620 1751 710 1802 arraie.

93 1819 232 1883 Quidquid
242 1820 397 1888 nonsuerat
410 1819 518 1887 Magni,
529 1822 590 1869 dum
603 1819 670 1870 bella
679 1826 825 1886 geruntur,

92 1887 151 1939 Nee
162 1887 272 1939 uictoris
285 1887 345 1937 erit.
370 1885 438 1939 Toto
450 1888 504 1938 iura
512 1890 606 1954 pultat
618 1887 650 1937 ab
663 1886 735 1948 orbe,

92 1957 240 2020 Postquam
250 1957 324 2007 nulla
335 1965 424 2006 maaet
434 1956 647 2023 rerumfiducia,
661 1953 777 2021 quaerit,

97 2022 163 2075 Cum
175 2040 227 2091 qua
235 2032 317 2103 gente
328 2024 423 2074 cadat:
442 2024 551 2091 rapitur
562 2024 685 2075 civilibus
698 2021 807 2074 aratris·
835 2021 885 2071 505

91 2091 147 2145 Nec
157 2109 242 2144 taceri
254 2099 359 2142 tantum
372 2092 639 2163 armafilgitefugit
649 2109 697 2142 ora
710 2100 826 2152 tenatur,

96 2161 178 2215 Cuius
191 2159 359 2214 Tlerraliear
368 2170 478 2212 saturat
484 2176 552 2227 paro
563 2175 662 2229 magna
673 2162 799 2211 volueret.

91 2233 131 2284 Et
141 2231 237 2284 metuit
244 2238 354 2300 genter,
364 2247 430 2297 quas
442 2247 495 2282 uno
505 2228 533 2280 in
544 2229 675 2296 sangnine
686 2227 785 2280 mixtas

92 2300 236 2354 Deseruit:
247 2315 375 2368 regesque
386 2299 476 2360 timet,
488 2314 599 2366 quorum
612 2297 701 2351 omnia
712 2296 821 2349 mersit:

95 2370 301 2438 Thessaliaeque
311 2386 385 2431 reui,
396 2370 471 2420 nulla
483 2370 579 2420 tellure
590 2376 721 2435 receptur,
835 2365 885 2416 510

93 2439 230 2491 Sollicitat
240 2448 371 2502 nostrum,
382 2455 456 2506 quem
468 2435 717 2503 nondumprodidit,
729 2435 826 2487 oriem.

93 2507 196 2559 Iustior
206 2509 235 2560 in
247 2507 376 2576 Magnum
389 2507 474 2569 nolio,
487 2507 653 2568 Ptolemaeo,
665 2507 786 2571 querelae

95 2577 198 2628 Caussa
210 2578 274 2627 data
285 2586 332 2628 eit.
348 2575 421 2638 Quid
426 2575 578 2643 repositam,
591 2590 744 2643 semperque
755 2575 826 2642 quie·

567 2653 622 2695 tarn

97 2713 346 2766 t'roninelettorum
355 2711 599 2775 rnaeulasPlraron,
610 2720 827 2778 aroaqaenootra
