<?xml version="1.0" encoding="UTF-8"?>
<!DOCTYPE html PUBLIC "-//W3C//DTD XHTML 1.0 Transitional//EN"
    "http://www.w3.org/TR/xhtml1/DTD/xhtml1-transitional.dtd">
<html xmlns="http://www.w3.org/1999/xhtml" xml:lang="en" lang="en">
 <head>
  <title>
</title>
<meta http-equiv="Content-Type" content="text/html;charset=utf-8" />
  <meta name='ocr-system' content='tesseract 3.04.00' />
  <meta name='ocr-capabilities' content='ocr_page ocr_carea ocr_par ocr_line ocrx_word'/>
</head>
<body>
  <div class='ocr_page' id='page_1' title='image "./mannaeilucaniph01lucagoog_0213.png"; bbox 0 0 1956 3106; ppageno 0'>
   <div class='ocr_carea' id='block_1_1' title="bbox 145 165 711 219">
    <p class='ocr_par' dir='ltr' id='par_1_1' title="bbox 145 165 711 219">
     <span class='ocr_line' id='line_1_1' title="bbox 145 165 711 219; baseline 0 -2"><span class='ocrx_word' id='word_1_1' title='bbox 145 168 196 217; x_wconf 79' lang='lat' dir='ltr'><strong>aot</strong></span> <span class='ocrx_word' id='word_1_2' title='bbox 320 168 358 217; x_wconf 81' lang='lat' dir='ltr'><strong>bl.</strong></span> <span class='ocrx_word' id='word_1_3' title='bbox 394 165 495 218; x_wconf 74' lang='lat' dir='ltr'>ANN.</span> <span class='ocrx_word' id='word_1_4' title='bbox 531 166 711 219; x_wconf 86' lang='lat' dir='ltr'><strong>LUCANI</strong></span> 
     </span>
    </p>
   </div>
   <div class='ocr_carea' id='block_1_2' title="bbox 88 284 899 2494">
    <p class='ocr_par' dir='ltr' id='par_1_2' title="bbox 146 284 880 477">
     <span class='ocr_line' id='line_1_2' title="bbox 146 284 836 355; baseline -0.001 -17"><span class='ocrx_word' id='word_1_5' title='bbox 146 288 183 339; x_wconf 85' lang='lat' dir='ltr'><strong>ut</strong></span> <span class='ocrx_word' id='word_1_6' title='bbox 194 285 293 352; x_wconf 88' lang='lat' dir='ltr'><strong>probat</strong></span> <span class='ocrx_word' id='word_1_7' title='bbox 302 287 361 353; x_wconf 90' lang='lat' dir='ltr'><strong>ipse</strong></span> <span class='ocrx_word' id='word_1_8' title='bbox 374 284 466 344; x_wconf 88' lang='lat' dir='ltr'><strong>calor)</strong></span> <span class='ocrx_word' id='word_1_9' title='bbox 476 288 575 354; x_wconf 88' lang='lat' dir='ltr'><strong>tetigit,</strong></span> <span class='ocrx_word' id='word_1_10' title='bbox 588 288 730 355; x_wconf 80' lang='lat' dir='ltr'><strong>stagnique</strong></span> <span class='ocrx_word' id='word_1_11' title='bbox 742 286 836 353; x_wconf 82' lang='lat' dir='ltr'><strong>quieta</strong></span> 
     </span>
     <span class='ocr_line' id='line_1_3' title="bbox 146 355 880 423; baseline -0.004 -16"><span class='ocrx_word' id='word_1_12' title='bbox 146 356 245 408; x_wconf 85' lang='lat' dir='ltr'><strong>Voltus</strong></span> <span class='ocrx_word' id='word_1_13' title='bbox 256 355 325 406; x_wconf 82' lang='lat' dir='ltr'><strong>vidit</strong></span> <span class='ocrx_word' id='word_1_14' title='bbox 336 366 414 423; x_wconf 84' lang='lat' dir='ltr'><strong>aqua,</strong></span> <span class='ocrx_word' id='word_1_15' title='bbox 428 358 573 422; x_wconf 84' lang='lat' dir='ltr'><strong>posuitque</strong></span> <span class='ocrx_word' id='word_1_16' title='bbox 584 359 611 406; x_wconf 91' lang='lat' dir='ltr'><strong>in</strong></span> <span class='ocrx_word' id='word_1_17' title='bbox 622 356 743 423; x_wconf 78' lang='lat' dir='ltr'>margine</span> <span class='ocrx_word' id='word_1_18' title='bbox 754 355 880 421; x_wconf 78' lang='lat' dir='ltr'><strong>plantas,</strong></span> 
     </span>
     <span class='ocr_line' id='line_1_4' title="bbox 147 425 704 477; baseline -0.004 0"><span class='ocrx_word' id='word_1_19' title='bbox 147 427 185 477; x_wconf 74' lang='lat' dir='ltr'><strong>ot</strong></span> <span class='ocrx_word' id='word_1_20' title='bbox 195 441 225 477; x_wconf 86' lang='lat' dir='ltr'><strong>se</strong></span> <span class='ocrx_word' id='word_1_21' title='bbox 234 425 335 476; x_wconf 87' lang='lat' dir='ltr'><strong>dilecta</strong></span> <span class='ocrx_word' id='word_1_22' title='bbox 345 425 490 474; x_wconf 82' lang='lat' dir='ltr'>Tritonida</span> <span class='ocrx_word' id='word_1_23' title='bbox 500 425 569 475; x_wconf 79' lang='lat' dir='ltr'><strong>dixit</strong></span> <span class='ocrx_word' id='word_1_24' title='bbox 580 426 613 474; x_wconf 86' lang='lat' dir='ltr'><strong>ab</strong></span> <span class='ocrx_word' id='word_1_25' title='bbox 624 426 704 475; x_wconf 90' lang='lat' dir='ltr'><strong>unda.</strong></span> 
     </span>
    </p>

    <p class='ocr_par' dir='ltr' id='par_1_3' title="bbox 89 492 868 836">
     <span class='ocr_line' id='line_1_5' title="bbox 89 492 847 559; baseline -0.004 -14"><span class='ocrx_word' id='word_1_26' title='bbox 89 495 140 545; x_wconf 80' lang='grc'><strong>355</strong></span> <span class='ocrx_word' id='word_1_27' title='bbox 152 496 241 556; x_wconf 74' lang='lat' dir='ltr'><strong>Quam</strong></span> <span class='ocrx_word' id='word_1_28' title='bbox 251 495 329 545; x_wconf 84' lang='lat' dir='ltr'><strong>iuxta</strong></span> <span class='ocrx_word' id='word_1_29' title='bbox 337 492 447 544; x_wconf 87' lang='lat' dir='ltr'>Lethon</span> <span class='ocrx_word' id='word_1_30' title='bbox 459 495 560 544; x_wconf 85' lang='lat' dir='ltr'><strong>tacitus</strong></span> <span class='ocrx_word' id='word_1_31' title='bbox 570 494 737 559; x_wconf 80' lang='lat' dir='ltr'><strong>praelabitur</strong></span> <span class='ocrx_word' id='word_1_32' title='bbox 748 492 847 555; x_wconf 90' lang='lat' dir='ltr'><strong>amnis,</strong></span> 
     </span>
     <span class='ocr_line' id='line_1_6' title="bbox 149 561 739 626; baseline -0.007 -11"><span class='ocrx_word' id='word_1_33' title='bbox 149 563 274 626; x_wconf 65' lang='lat' dir='ltr'><strong>Instruis,</strong></span> <span class='ocrx_word' id='word_1_34' title='bbox 285 568 316 612; x_wconf 89' lang='lat' dir='ltr'><strong>ut</strong></span> <span class='ocrx_word' id='word_1_35' title='bbox 325 561 406 624; x_wconf 84' lang='lat' dir='ltr'><strong>lama,</strong></span> <span class='ocrx_word' id='word_1_36' title='bbox 417 561 529 613; x_wconf 89' lang='lat' dir='ltr'><strong>trahens</strong></span> <span class='ocrx_word' id='word_1_37' title='bbox 541 562 641 613; x_wconf 82' lang='lat' dir='ltr'><strong>oblivia</strong></span> <span class='ocrx_word' id='word_1_38' title='bbox 650 563 739 614; x_wconf 83' lang='lat' dir='ltr'><strong>renis:</strong></span> 
     </span>
     <span class='ocr_line' id='line_1_7' title="bbox 149 631 750 700; baseline -0.003 -16"><span class='ocrx_word' id='word_1_39' title='bbox 149 636 237 700; x_wconf 79' lang='lat' dir='ltr'><strong>dique</strong></span> <span class='ocrx_word' id='word_1_40' title='bbox 246 632 358 696; x_wconf 81' lang='lat' dir='ltr'><strong>insopiti</strong></span> <span class='ocrx_word' id='word_1_41' title='bbox 368 631 504 698; x_wconf 89' lang='lat' dir='ltr'><strong>quondam</strong></span> <span class='ocrx_word' id='word_1_42' title='bbox 517 632 604 682; x_wconf 88' lang='lat' dir='ltr'><strong>tutela</strong></span> <span class='ocrx_word' id='word_1_43' title='bbox 614 631 750 694; x_wconf 85' lang='lat' dir='ltr'><strong>draconis,</strong></span> 
     </span>
     <span class='ocr_line' id='line_1_8' title="bbox 149 698 868 767; baseline -0.006 -14"><span class='ocrx_word' id='word_1_44' title='bbox 149 701 332 767; x_wconf 86' lang='lat' dir='ltr'><strong>Hespen&#39;dum</strong></span> <span class='ocrx_word' id='word_1_45' title='bbox 341 715 445 765; x_wconf 83' lang='lat' dir='ltr'><strong>pauper</strong></span> <span class='ocrx_word' id='word_1_46' title='bbox 456 700 589 767; x_wconf 88' lang='lat' dir='ltr'><strong>spoliatus</strong></span> <span class='ocrx_word' id='word_1_47' title='bbox 600 699 741 751; x_wconf 72' lang='lat' dir='ltr'><strong>frondibus</strong></span> <span class='ocrx_word' id='word_1_48' title='bbox 752 698 868 751; x_wconf 72' lang='lat' dir='ltr'><strong>hortuna</strong></span> 
     </span>
     <span class='ocr_line' id='line_1_9' title="bbox 150 768 762 836; baseline -0.003 -15"><span class='ocrx_word' id='word_1_49' title='bbox 150 770 259 821; x_wconf 84' lang='lat' dir='ltr'><strong>lnridus</strong></span> <span class='ocrx_word' id='word_1_50' title='bbox 272 783 375 818; x_wconf 89' lang='lat' dir='ltr'><strong>annoso</strong></span> <span class='ocrx_word' id='word_1_51' title='bbox 388 771 433 835; x_wconf 93' lang='lat' dir='ltr'><strong>qui</strong></span> <span class='ocrx_word' id='word_1_52' title='bbox 444 768 545 818; x_wconf 85' lang='lat' dir='ltr'><strong>famam</strong></span> <span class='ocrx_word' id='word_1_53' title='bbox 557 768 673 836; x_wconf 86' lang='lat' dir='ltr'><strong>derogat</strong></span> <span class='ocrx_word' id='word_1_54' title='bbox 684 784 762 831; x_wconf 83' lang='lat' dir='ltr'><strong>aero,</strong></span> 
     </span>
    </p>

    <p class='ocr_par' dir='ltr' id='par_1_4' title="bbox 88 838 786 1044">
     <span class='ocr_line' id='line_1_10' title="bbox 88 838 786 901; baseline 0 -14"><span class='ocrx_word' id='word_1_55' title='bbox 88 838 140 888; x_wconf 78' lang='grc'><strong>360</strong></span> <span class='ocrx_word' id='word_1_56' title='bbox 152 840 206 901; x_wconf 75' lang='lat' dir='ltr'><strong>Qui</strong></span> <span class='ocrx_word' id='word_1_57' title='bbox 216 843 293 887; x_wconf 83' lang='lat' dir='ltr'><strong>vates</strong></span> <span class='ocrx_word' id='word_1_58' title='bbox 306 838 340 887; x_wconf 89' lang='lat' dir='ltr'><strong>ad</strong></span> <span class='ocrx_word' id='word_1_59' title='bbox 351 852 417 887; x_wconf 86' lang='lat' dir='ltr'><strong>vera</strong></span> <span class='ocrx_word' id='word_1_60' title='bbox 427 844 519 888; x_wconf 78' lang='lat' dir='ltr'><strong>vocat.</strong></span> <span class='ocrx_word' id='word_1_61' title='bbox 541 839 605 888; x_wconf 89' lang='lat' dir='ltr'><strong>Fuit</strong></span> <span class='ocrx_word' id='word_1_62' title='bbox 615 853 699 887; x_wconf 84' lang='lat' dir='ltr'><strong>aurea</strong></span> <span class='ocrx_word' id='word_1_63' title='bbox 708 838 786 900; x_wconf 85' lang='lat' dir='ltr'><strong>silva,</strong></span> 
     </span>
     <span class='ocr_line' id='line_1_11' title="bbox 151 905 772 974; baseline -0.002 -17"><span class='ocrx_word' id='word_1_64' title='bbox 151 908 313 974; x_wconf 84' lang='lat' dir='ltr'><strong>Divitiisque</strong></span> <span class='ocrx_word' id='word_1_65' title='bbox 323 921 421 974; x_wconf 82' lang='lat' dir='ltr'><strong>graves</strong></span> <span class='ocrx_word' id='word_1_66' title='bbox 434 912 463 958; x_wconf 91' lang='lat' dir='ltr'><strong>et</strong></span> <span class='ocrx_word' id='word_1_67' title='bbox 472 905 546 957; x_wconf 82' lang='lat' dir='ltr'><strong>fulvo</strong></span> <span class='ocrx_word' id='word_1_68' title='bbox 558 909 679 974; x_wconf 84' lang='lat' dir='ltr'><strong>germine</strong></span> <span class='ocrx_word' id='word_1_69' title='bbox 689 908 772 957; x_wconf 86' lang='lat' dir='ltr'><strong>rami:</strong></span> 
     </span>
     <span class='ocr_line' id='line_1_12' title="bbox 150 973 763 1044; baseline -0.005 -15"><span class='ocrx_word' id='word_1_70' title='bbox 150 977 350 1044; x_wconf 82' lang='lat' dir='ltr'><strong>Virgineusque</strong></span> <span class='ocrx_word' id='word_1_71' title='bbox 363 973 462 1026; x_wconf 91' lang='lat' dir='ltr'><strong>chorus</strong></span> <span class='ocrx_word' id='word_1_72' title='bbox 474 975 554 1026; x_wconf 91' lang='lat' dir='ltr'><strong>nitidi</strong></span> <span class='ocrx_word' id='word_1_73' title='bbox 565 975 690 1026; x_wconf 87' lang='lat' dir='ltr'><strong>custodia</strong></span> <span class='ocrx_word' id='word_1_74' title='bbox 699 976 763 1038; x_wconf 86' lang='lat' dir='ltr'><strong>luci,</strong></span> 
     </span>
    </p>

    <p class='ocr_par' dir='ltr' id='par_1_5' title="bbox 151 1045 855 1181">
     <span class='ocr_line' id='line_1_13' title="bbox 151 1045 855 1112; baseline 0.001 -16"><span class='ocrx_word' id='word_1_75' title='bbox 151 1047 189 1097; x_wconf 88' lang='lat' dir='ltr'><strong>Et</strong></span> <span class='ocrx_word' id='word_1_76' title='bbox 198 1060 345 1112; x_wconf 84' lang='lat' dir='ltr'><strong>numquam</strong></span> <span class='ocrx_word' id='word_1_77' title='bbox 356 1060 452 1096; x_wconf 89' lang='lat' dir='ltr'><strong>somno</strong></span> <span class='ocrx_word' id='word_1_78' title='bbox 464 1045 607 1095; x_wconf 89' lang='lat' dir='ltr'><strong>damnatus</strong></span> <span class='ocrx_word' id='word_1_79' title='bbox 617 1045 720 1096; x_wconf 89' lang='lat' dir='ltr'><strong>lumina</strong></span> <span class='ocrx_word' id='word_1_80' title='bbox 729 1057 855 1110; x_wconf 80' lang='lat' dir='ltr'><strong>serpens,</strong></span> 
     </span>
     <span class='ocr_line' id='line_1_14' title="bbox 152 1114 786 1181; baseline -0.006 -14"><span class='ocrx_word' id='word_1_81' title='bbox 152 1115 264 1167; x_wconf 86' lang='lat' dir='ltr'><strong>Robora</strong></span> <span class='ocrx_word' id='word_1_82' title='bbox 277 1115 436 1181; x_wconf 87' lang='lat' dir='ltr'><strong>complexus</strong></span> <span class='ocrx_word' id='word_1_83' title='bbox 449 1115 530 1165; x_wconf 91' lang='lat' dir='ltr'><strong>rutilo</strong></span> <span class='ocrx_word' id='word_1_84' title='bbox 544 1122 657 1165; x_wconf 77' lang='lat' dir='ltr'><strong>curuata</strong></span> <span class='ocrx_word' id='word_1_85' title='bbox 666 1114 786 1165; x_wconf 89' lang='lat' dir='ltr'><strong>metallo.</strong></span> 
     </span>
    </p>

    <p class='ocr_par' dir='ltr' id='par_1_6' title="bbox 92 1183 871 1390">
     <span class='ocr_line' id='line_1_15' title="bbox 92 1183 871 1251; baseline -0.004 -16"><span class='ocrx_word' id='word_1_86' title='bbox 92 1185 142 1236; x_wconf 77' lang='lat'><strong>365</strong></span> <span class='ocrx_word' id='word_1_87' title='bbox 153 1184 271 1236; x_wconf 78' lang='lat' dir='ltr'><strong>Abstulit</strong></span> <span class='ocrx_word' id='word_1_88' title='bbox 283 1184 426 1234; x_wconf 86' lang='lat' dir='ltr'><strong>arboribus</strong></span> <span class='ocrx_word' id='word_1_89' title='bbox 439 1185 565 1251; x_wconf 89' lang='lat' dir='ltr'><strong>pretium,</strong></span> <span class='ocrx_word' id='word_1_90' title='bbox 576 1184 734 1250; x_wconf 87' lang='lat' dir='ltr'><strong>nemorique</strong></span> <span class='ocrx_word' id='word_1_91' title='bbox 744 1183 871 1233; x_wconf 87' lang='lat' dir='ltr'><strong>laborem</strong></span> 
     </span>
     <span class='ocr_line' id='line_1_16' title="bbox 152 1252 861 1320; baseline -0.004 -15"><span class='ocrx_word' id='word_1_92' title='bbox 152 1254 273 1305; x_wconf 79' lang='lat' dir='ltr'><strong>Alcides:</strong></span> <span class='ocrx_word' id='word_1_93' title='bbox 294 1268 445 1320; x_wconf 87' lang='lat' dir='ltr'><strong>passusque</strong></span> <span class='ocrx_word' id='word_1_94' title='bbox 455 1254 552 1318; x_wconf 87' lang='lat' dir='ltr'><strong>inopes</strong></span> <span class='ocrx_word' id='word_1_95' title='bbox 564 1253 622 1303; x_wconf 90' lang='lat' dir='ltr'><strong>sine</strong></span> <span class='ocrx_word' id='word_1_96' title='bbox 634 1252 756 1318; x_wconf 88' lang='lat' dir='ltr'><strong>pondere</strong></span> <span class='ocrx_word' id='word_1_97' title='bbox 767 1267 861 1303; x_wconf 79' lang='lat' dir='ltr'><strong>ramos</strong></span> 
     </span>
     <span class='ocr_line' id='line_1_17' title="bbox 152 1323 770 1390; baseline -0.003 -18"><span class='ocrx_word' id='word_1_98' title='bbox 152 1323 255 1374; x_wconf 86' lang='lat' dir='ltr'><strong>Retulit</strong></span> <span class='ocrx_word' id='word_1_99' title='bbox 265 1323 394 1390; x_wconf 86' lang='lat' dir='ltr'><strong>Argolico</strong></span> <span class='ocrx_word' id='word_1_100' title='bbox 405 1323 538 1390; x_wconf 86' lang='lat' dir='ltr'><strong>fulgentia</strong></span> <span class='ocrx_word' id='word_1_101' title='bbox 549 1336 631 1387; x_wconf 89' lang='lat' dir='ltr'><strong>poma</strong></span> <span class='ocrx_word' id='word_1_102' title='bbox 641 1327 770 1387; x_wconf 87' lang='lat' dir='ltr'><strong>tyranno.</strong></span> 
     </span>
    </p>

    <p class='ocr_par' dir='ltr' id='par_1_7' title="bbox 112 1391 897 1527">
     <span class='ocr_line' id='line_1_18' title="bbox 112 1391 768 1459; baseline -0.003 -17"><span class='ocrx_word' id='word_1_103' title='bbox 112 1400 115 1405; x_wconf 87' lang='grc'><strong>’</strong></span> <span class='ocrx_word' id='word_1_104' title='bbox 152 1393 203 1442; x_wconf 90' lang='lat' dir='ltr'><strong>His</strong></span> <span class='ocrx_word' id='word_1_105' title='bbox 212 1393 297 1459; x_wconf 88' lang='lat' dir='ltr'><strong>igitur</strong></span> <span class='ocrx_word' id='word_1_106' title='bbox 307 1391 421 1457; x_wconf 88' lang='lat' dir='ltr'><strong>depulsa</strong></span> <span class='ocrx_word' id='word_1_107' title='bbox 430 1392 507 1454; x_wconf 88' lang='lat' dir='ltr'><strong>locis,</strong></span> <span class='ocrx_word' id='word_1_108' title='bbox 520 1391 662 1457; x_wconf 87' lang='lat' dir='ltr'><strong>eiectaque</strong></span> <span class='ocrx_word' id='word_1_109' title='bbox 675 1391 768 1440; x_wconf 87' lang='lat' dir='ltr'><strong>classis</strong></span> 
     </span>
     <span class='ocr_line' id='line_1_19' title="bbox 152 1456 897 1527; baseline -0.004 -16"><span class='ocrx_word' id='word_1_110' title='bbox 152 1459 289 1526; x_wconf 87' lang='lat' dir='ltr'><strong>Syrtibus,</strong></span> <span class='ocrx_word' id='word_1_111' title='bbox 301 1460 375 1510; x_wconf 88' lang='lat' dir='ltr'><strong>haud</strong></span> <span class='ocrx_word' id='word_1_112' title='bbox 385 1461 457 1510; x_wconf 89' lang='lat' dir='ltr'><strong>ultra</strong></span> <span class='ocrx_word' id='word_1_113' title='bbox 469 1459 679 1510; x_wconf 82' lang='lat' dir='ltr'><strong>Garamantidas</strong></span> <span class='ocrx_word' id='word_1_114' title='bbox 691 1459 783 1527; x_wconf 86' lang='lat' dir='ltr'><strong>attigit</strong></span> <span class='ocrx_word' id='word_1_115' title='bbox 792 1456 897 1510; x_wconf 73' lang='lat' dir='ltr'><strong>undeet</strong></span> 
     </span>
    </p>

    <p class='ocr_par' dir='ltr' id='par_1_8' title="bbox 93 1528 880 1941">
     <span class='ocr_line' id='line_1_20' title="bbox 93 1528 794 1593; baseline 0.003 -16"><span class='ocrx_word' id='word_1_116' title='bbox 93 1528 145 1578; x_wconf 74' lang='lat' dir='ltr'><strong>ato</strong></span> <span class='ocrx_word' id='word_1_117' title='bbox 158 1528 212 1581; x_wconf 88' lang='lat' dir='ltr'><strong>Sed</strong></span> <span class='ocrx_word' id='word_1_118' title='bbox 225 1529 294 1579; x_wconf 88' lang='lat' dir='ltr'><strong>duce</strong></span> <span class='ocrx_word' id='word_1_119' title='bbox 304 1529 437 1593; x_wconf 91' lang='lat' dir='ltr'><strong>Pompeio</strong></span> <span class='ocrx_word' id='word_1_120' title='bbox 448 1529 557 1593; x_wconf 87' lang='lat' dir='ltr'><strong>Libyae</strong></span> <span class='ocrx_word' id='word_1_121' title='bbox 567 1529 688 1579; x_wconf 87' lang='lat' dir='ltr'><strong>melioris</strong></span> <span class='ocrx_word' id='word_1_122' title='bbox 698 1529 727 1578; x_wconf 89' lang='lat' dir='ltr'><strong>in</strong></span> <span class='ocrx_word' id='word_1_123' title='bbox 738 1529 794 1579; x_wconf 90' lang='lat' dir='ltr'><strong>oris</strong></span> 
     </span>
     <span class='ocr_line' id='line_1_21' title="bbox 153 1595 821 1662; baseline -0.001 -14"><span class='ocrx_word' id='word_1_124' title='bbox 153 1599 264 1648; x_wconf 89' lang='lat' dir='ltr'><strong>Mansit.</strong></span> <span class='ocrx_word' id='word_1_125' title='bbox 285 1598 319 1647; x_wconf 77' lang='lat' dir='ltr'><strong>At</strong></span> <span class='ocrx_word' id='word_1_126' title='bbox 331 1598 474 1662; x_wconf 88' lang='lat' dir='ltr'><strong>impatiens</strong></span> <span class='ocrx_word' id='word_1_127' title='bbox 486 1599 572 1647; x_wconf 71' lang='lat' dir='ltr'><strong>virtus</strong></span> <span class='ocrx_word' id='word_1_128' title='bbox 582 1595 696 1650; x_wconf 84' lang='lat' dir='ltr'><strong>haerere</strong></span> <span class='ocrx_word' id='word_1_129' title='bbox 709 1598 821 1649; x_wconf 84' lang='lat' dir='ltr'><strong>Catonis</strong></span> 
     </span>
     <span class='ocr_line' id='line_1_22' title="bbox 156 1665 813 1735; baseline 0.002 -19"><span class='ocrx_word' id='word_1_130' title='bbox 156 1665 245 1716; x_wconf 82' lang='lat' dir='ltr'><strong>dudet</strong></span> <span class='ocrx_word' id='word_1_131' title='bbox 255 1667 283 1715; x_wconf 90' lang='lat' dir='ltr'><strong>in</strong></span> <span class='ocrx_word' id='word_1_132' title='bbox 293 1666 402 1732; x_wconf 80' lang='lat' dir='ltr'><strong>ignotas</strong></span> <span class='ocrx_word' id='word_1_133' title='bbox 414 1681 510 1732; x_wconf 85' lang='lat' dir='ltr'><strong>agmen</strong></span> <span class='ocrx_word' id='word_1_134' title='bbox 523 1667 694 1718; x_wconf 89' lang='lat' dir='ltr'><strong>committere</strong></span> <span class='ocrx_word' id='word_1_135' title='bbox 706 1672 813 1735; x_wconf 88' lang='lat' dir='ltr'><strong>gentes,</strong></span> 
     </span>
     <span class='ocr_line' id='line_1_23' title="bbox 156 1733 776 1804; baseline 0 -19"><span class='ocrx_word' id='word_1_136' title='bbox 156 1737 298 1785; x_wconf 77' lang='lat' dir='ltr'><strong>Armorum</strong></span> <span class='ocrx_word' id='word_1_137' title='bbox 308 1733 404 1797; x_wconf 84' lang='lat' dir='ltr'><strong>fidens,</strong></span> <span class='ocrx_word' id='word_1_138' title='bbox 417 1741 445 1785; x_wconf 89' lang='lat' dir='ltr'><strong>et</strong></span> <span class='ocrx_word' id='word_1_139' title='bbox 454 1741 530 1785; x_wconf 88' lang='lat' dir='ltr'><strong>terra</strong></span> <span class='ocrx_word' id='word_1_140' title='bbox 541 1736 651 1804; x_wconf 83' lang='lat' dir='ltr'><strong>cingere</strong></span> <span class='ocrx_word' id='word_1_141' title='bbox 663 1734 776 1802; x_wconf 87' lang='lat' dir='ltr'><strong>Syrtim.</strong></span> 
     </span>
     <span class='ocr_line' id='line_1_24' title="bbox 155 1802 880 1872; baseline 0.001 -18"><span class='ocrx_word' id='word_1_142' title='bbox 155 1805 233 1856; x_wconf 84' lang='lat' dir='ltr'><strong>llaec</strong></span> <span class='ocrx_word' id='word_1_143' title='bbox 245 1804 341 1855; x_wconf 90' lang='lat' dir='ltr'><strong>eadem</strong></span> <span class='ocrx_word' id='word_1_144' title='bbox 350 1803 484 1855; x_wconf 84' lang='lat' dir='ltr'><strong>suadebat</strong></span> <span class='ocrx_word' id='word_1_145' title='bbox 495 1802 591 1867; x_wconf 90' lang='lat' dir='ltr'><strong>hiems,</strong></span> <span class='ocrx_word' id='word_1_146' title='bbox 603 1820 672 1872; x_wconf 90' lang='lat' dir='ltr'><strong>quae</strong></span> <span class='ocrx_word' id='word_1_147' title='bbox 685 1805 823 1857; x_wconf 85' lang='lat' dir='ltr'><strong>clauserat</strong></span> <span class='ocrx_word' id='word_1_148' title='bbox 832 1818 880 1855; x_wconf 88' lang='lat' dir='ltr'><strong>ae·</strong></span> 
     </span>
     <span class='ocr_line' id='line_1_25' title="bbox 631 1889 708 1941; baseline -0.013 -16"><span class='ocrx_word' id='word_1_149' title='bbox 631 1889 708 1941; x_wconf 87' lang='lat' dir='ltr'><strong>quor,</strong></span> 
     </span>
    </p>

    <p class='ocr_par' dir='ltr' id='par_1_9' title="bbox 95 1942 861 2218">
     <span class='ocr_line' id='line_1_26' title="bbox 95 1942 852 2010; baseline -0.001 -19"><span class='ocrx_word' id='word_1_150' title='bbox 95 1942 145 1992; x_wconf 71' lang='lat'><strong>375</strong></span> <span class='ocrx_word' id='word_1_151' title='bbox 156 1944 194 1993; x_wconf 86' lang='lat' dir='ltr'><strong>Et</strong></span> <span class='ocrx_word' id='word_1_152' title='bbox 205 1958 267 2008; x_wconf 88' lang='lat' dir='ltr'><strong>spes</strong></span> <span class='ocrx_word' id='word_1_153' title='bbox 280 1942 367 1993; x_wconf 90' lang='lat' dir='ltr'><strong>imber</strong></span> <span class='ocrx_word' id='word_1_154' title='bbox 379 1948 447 2005; x_wconf 88' lang='lat' dir='ltr'><strong>erat,</strong></span> <span class='ocrx_word' id='word_1_155' title='bbox 458 1944 556 1994; x_wconf 91' lang='lat' dir='ltr'><strong>nimios</strong></span> <span class='ocrx_word' id='word_1_156' title='bbox 567 1943 749 1993; x_wconf 85' lang='lat' dir='ltr'><strong>metuentibus</strong></span> <span class='ocrx_word' id='word_1_157' title='bbox 759 1943 852 2010; x_wconf 79' lang='lat' dir='ltr'><strong>ignest</strong></span> 
     </span>
     <span class='ocr_line' id='line_1_27' title="bbox 157 2011 838 2080; baseline -0.003 -17"><span class='ocrx_word' id='word_1_158' title='bbox 157 2014 191 2063; x_wconf 91' lang='lat' dir='ltr'><strong>Ut</strong></span> <span class='ocrx_word' id='word_1_159' title='bbox 201 2027 288 2079; x_wconf 91' lang='lat' dir='ltr'><strong>neque</strong></span> <span class='ocrx_word' id='word_1_160' title='bbox 299 2013 358 2063; x_wconf 89' lang='lat' dir='ltr'><strong>sole</strong></span> <span class='ocrx_word' id='word_1_161' title='bbox 368 2015 448 2073; x_wconf 81' lang='lat' dir='ltr'><strong>riam,</strong></span> <span class='ocrx_word' id='word_1_162' title='bbox 461 2029 511 2063; x_wconf 88' lang='lat' dir='ltr'><strong>nec</strong></span> <span class='ocrx_word' id='word_1_163' title='bbox 523 2012 590 2062; x_wconf 83' lang='lat' dir='ltr'><strong>duro</strong></span> <span class='ocrx_word' id='word_1_164' title='bbox 602 2011 705 2080; x_wconf 83' lang='lat' dir='ltr'><strong>frigore</strong></span> <span class='ocrx_word' id='word_1_165' title='bbox 716 2026 838 2072; x_wconf 80' lang='lat' dir='ltr'><strong>saevam,</strong></span> 
     </span>
     <span class='ocr_line' id='line_1_28' title="bbox 155 2080 861 2148; baseline -0.003 -18"><span class='ocrx_word' id='word_1_166' title='bbox 155 2080 221 2130; x_wconf 87' lang='lat' dir='ltr'><strong>lnde</strong></span> <span class='ocrx_word' id='word_1_167' title='bbox 232 2081 296 2148; x_wconf 90' lang='lat' dir='ltr'><strong>polo</strong></span> <span class='ocrx_word' id='word_1_168' title='bbox 309 2081 422 2148; x_wconf 87' lang='lat' dir='ltr'><strong>Libyes,</strong></span> <span class='ocrx_word' id='word_1_169' title='bbox 433 2080 496 2132; x_wconf 86' lang='lat' dir='ltr'><strong>bine</strong></span> <span class='ocrx_word' id='word_1_170' title='bbox 507 2081 603 2131; x_wconf 89' lang='lat' dir='ltr'><strong>bruma</strong></span> <span class='ocrx_word' id='word_1_171' title='bbox 611 2087 748 2148; x_wconf 90' lang='lat' dir='ltr'><strong>temperet</strong></span> <span class='ocrx_word' id='word_1_172' title='bbox 759 2095 861 2131; x_wconf 80' lang='lat' dir='ltr'><strong>annus:</strong></span> 
     </span>
     <span class='ocr_line' id='line_1_29' title="bbox 155 2150 819 2218; baseline 0 -18"><span class='ocrx_word' id='word_1_173' title='bbox 155 2152 242 2217; x_wconf 83' lang='lat' dir='ltr'><strong>dtque</strong></span> <span class='ocrx_word' id='word_1_174' title='bbox 252 2151 424 2218; x_wconf 86' lang='lat' dir='ltr'><strong>ingressurus</strong></span> <span class='ocrx_word' id='word_1_175' title='bbox 434 2151 549 2211; x_wconf 87' lang='lat' dir='ltr'><strong>steriles,</strong></span> <span class='ocrx_word' id='word_1_176' title='bbox 561 2151 600 2200; x_wconf 91' lang='lat' dir='ltr'><strong>sic</strong></span> <span class='ocrx_word' id='word_1_177' title='bbox 613 2150 695 2214; x_wconf 75' lang='lat' dir='ltr'><strong>tatur,</strong></span> <span class='ocrx_word' id='word_1_178' title='bbox 707 2165 819 2202; x_wconf 85' lang='lat' dir='ltr'><strong>arenas:</strong></span> 
     </span>
    </p>

    <p class='ocr_par' dir='ltr' id='par_1_10' title="bbox 95 2215 899 2494">
     <span class='ocr_line' id='line_1_30' title="bbox 211 2215 899 2286; baseline 0 -17"><span class='ocrx_word' id='word_1_179' title='bbox 211 2215 236 2270; x_wconf 93' lang='grc'><em>0</em></span> <span class='ocrx_word' id='word_1_180' title='bbox 247 2219 342 2286; x_wconf 81' lang='lat' dir='ltr'><strong>quibus</strong></span> <span class='ocrx_word' id='word_1_181' title='bbox 353 2237 408 2271; x_wconf 79' lang='lat' dir='ltr'><strong>rana</strong></span> <span class='ocrx_word' id='word_1_182' title='bbox 418 2223 493 2271; x_wconf 78' lang='lat' dir='ltr'><strong>salar</strong></span> <span class='ocrx_word' id='word_1_183' title='bbox 500 2220 610 2286; x_wconf 83' lang='lat' dir='ltr'><strong>placuit</strong></span> <span class='ocrx_word' id='word_1_184' title='bbox 621 2236 679 2271; x_wconf 88' lang='lat' dir='ltr'><strong>mea</strong></span> <span class='ocrx_word' id='word_1_185' title='bbox 690 2230 783 2272; x_wconf 75' lang='lat' dir='ltr'><strong>caetra</strong></span> <span class='ocrx_word' id='word_1_186' title='bbox 795 2215 899 2271; x_wconf 62' lang='lat' dir='ltr'><strong>tecutis</strong></span> 
     </span>
     <span class='ocr_line' id='line_1_31' title="bbox 95 2287 766 2355; baseline 0.001 -17"><span class='ocrx_word' id='word_1_187' title='bbox 95 2288 146 2338; x_wconf 81' lang='lat'><strong>38⁰</strong></span> <span class='ocrx_word' id='word_1_188' title='bbox 157 2287 294 2339; x_wconf 75' lang='lat' dir='ltr'><strong>indomita</strong></span> <span class='ocrx_word' id='word_1_189' title='bbox 305 2290 406 2340; x_wconf 82' lang='lat' dir='ltr'><strong>cervice</strong></span> <span class='ocrx_word' id='word_1_190' title='bbox 417 2289 495 2351; x_wconf 72' lang='lat' dir='ltr'><strong>utari,</strong></span> <span class='ocrx_word' id='word_1_191' title='bbox 507 2289 657 2355; x_wconf 85' lang='lat' dir='ltr'><strong>componite</strong></span> <span class='ocrx_word' id='word_1_192' title='bbox 667 2299 766 2342; x_wconf 74' lang='lat' dir='ltr'><strong>mentes</strong></span> 
     </span>
     <span class='ocr_line' id='line_1_32' title="bbox 155 2357 835 2427; baseline 0.004 -20"><span class='ocrx_word' id='word_1_193' title='bbox 155 2357 199 2407; x_wconf 77' lang='lat' dir='ltr'><strong>Ad</strong></span> <span class='ocrx_word' id='word_1_194' title='bbox 210 2374 337 2427; x_wconf 84' lang='lat' dir='ltr'><strong>magnum</strong></span> <span class='ocrx_word' id='word_1_195' title='bbox 347 2359 458 2409; x_wconf 81' lang='lat' dir='ltr'><strong>virtutis</strong></span> <span class='ocrx_word' id='word_1_196' title='bbox 470 2374 535 2425; x_wconf 84' lang='lat' dir='ltr'><strong>opus</strong></span> <span class='ocrx_word' id='word_1_197' title='bbox 545 2374 709 2425; x_wconf 80' lang='lat' dir='ltr'><strong>summosque</strong></span> <span class='ocrx_word' id='word_1_198' title='bbox 721 2358 835 2410; x_wconf 80' lang='lat' dir='ltr'><strong>laborer.</strong></span> 
     </span>
     <span class='ocr_line' id='line_1_33' title="bbox 163 2425 844 2494; baseline 0.004 -18"><span class='ocrx_word' id='word_1_199' title='bbox 163 2425 291 2478; x_wconf 80' lang='lat' dir='ltr'><strong>Vadimus</strong></span> <span class='ocrx_word' id='word_1_200' title='bbox 302 2427 330 2477; x_wconf 91' lang='lat' dir='ltr'><strong>in</strong></span> <span class='ocrx_word' id='word_1_201' title='bbox 341 2445 447 2494; x_wconf 75' lang='lat' dir='ltr'><strong>carrrpos</strong></span> <span class='ocrx_word' id='word_1_202' title='bbox 458 2427 572 2489; x_wconf 76' lang='lat' dir='ltr'><strong>steriles,</strong></span> <span class='ocrx_word' id='word_1_203' title='bbox 585 2438 731 2493; x_wconf 79' lang='lat' dir='ltr'><strong>exustaque</strong></span> <span class='ocrx_word' id='word_1_204' title='bbox 741 2428 844 2489; x_wconf 75' lang='lat' dir='ltr'><strong>mundi,</strong></span> 
     </span>
    </p>
   </div>
   <div class='ocr_carea' id='block_1_3' title="bbox 96 2495 891 2774">
    <p class='ocr_par' dir='ltr' id='par_1_11' title="bbox 158 2495 851 2638">
     <span class='ocr_line' id='line_1_34' title="bbox 160 2495 851 2567; baseline 0.003 -22"><span class='ocrx_word' id='word_1_205' title='bbox 160 2495 220 2559; x_wconf 83' lang='lat' dir='ltr'><strong>Qraa</strong></span> <span class='ocrx_word' id='word_1_206' title='bbox 232 2496 330 2549; x_wconf 78' lang='lat' dir='ltr'><strong>cincias</strong></span> <span class='ocrx_word' id='word_1_207' title='bbox 347 2496 441 2559; x_wconf 80' lang='lat' dir='ltr'><strong>Titan,</strong></span> <span class='ocrx_word' id='word_1_208' title='bbox 453 2506 479 2547; x_wconf 86' lang='lat' dir='ltr'><strong>et</strong></span> <span class='ocrx_word' id='word_1_209' title='bbox 489 2513 573 2548; x_wconf 86' lang='lat' dir='ltr'><strong>rarae</strong></span> <span class='ocrx_word' id='word_1_210' title='bbox 582 2497 740 2567; x_wconf 79' lang='lat' dir='ltr'><strong>infantibus</strong></span> <span class='ocrx_word' id='word_1_211' title='bbox 751 2499 851 2560; x_wconf 83' lang='lat' dir='ltr'><strong>undae,</strong></span> 
     </span>
     <span class='ocr_line' id='line_1_35' title="bbox 158 2565 813 2638; baseline 0 -22"><span class='ocrx_word' id='word_1_212' title='bbox 158 2565 288 2634; x_wconf 79' lang='lat' dir='ltr'><strong>Siccaque</strong></span> <span class='ocrx_word' id='word_1_213' title='bbox 299 2566 417 2638; x_wconf 81' lang='lat' dir='ltr'><strong>letiferis</strong></span> <span class='ocrx_word' id='word_1_214' title='bbox 427 2568 549 2634; x_wconf 81' lang='lat' dir='ltr'><strong>squalent</strong></span> <span class='ocrx_word' id='word_1_215' title='bbox 561 2567 728 2632; x_wconf 79' lang='lat' dir='ltr'><strong>serpentibus</strong></span> <span class='ocrx_word' id='word_1_216' title='bbox 737 2583 813 2619; x_wconf 83' lang='lat' dir='ltr'><strong>arva.</strong></span> 
     </span>
    </p>

    <p class='ocr_par' dir='ltr' id='par_1_12' title="bbox 96 2631 891 2774">
     <span class='ocr_line' id='line_1_36' title="bbox 96 2631 891 2702; baseline 0.003 -19"><span class='ocrx_word' id='word_1_217' title='bbox 96 2631 148 2683; x_wconf 81' lang='grc'><strong>385</strong></span> <span class='ocrx_word' id='word_1_218' title='bbox 158 2633 269 2686; x_wconf 88' lang='lat' dir='ltr'><strong>Durum</strong></span> <span class='ocrx_word' id='word_1_219' title='bbox 281 2636 334 2685; x_wconf 88' lang='lat' dir='ltr'><strong>iter</strong></span> <span class='ocrx_word' id='word_1_220' title='bbox 345 2639 382 2686; x_wconf 85' lang='lat' dir='ltr'><strong>ad</strong></span> <span class='ocrx_word' id='word_1_221' title='bbox 389 2638 469 2699; x_wconf 78' lang='lat' dir='ltr'><strong>leget,</strong></span> <span class='ocrx_word' id='word_1_222' title='bbox 479 2636 641 2702; x_wconf 80' lang='lat' dir='ltr'><strong>patriaeque</strong></span> <span class='ocrx_word' id='word_1_223' title='bbox 653 2638 757 2690; x_wconf 77' lang='lat' dir='ltr'><strong>ruentia</strong></span> <span class='ocrx_word' id='word_1_224' title='bbox 768 2649 891 2689; x_wconf 78' lang='lat' dir='ltr'><strong>amarem</strong></span> 
     </span>
     <span class='ocr_line' id='line_1_37' title="bbox 156 2703 891 2774; baseline 0.011 -20"><span class='ocrx_word' id='word_1_225' title='bbox 156 2703 211 2755; x_wconf 89' lang='lat' dir='ltr'><strong>Per</strong></span> <span class='ocrx_word' id='word_1_226' title='bbox 223 2706 339 2755; x_wconf 84' lang='lat' dir='ltr'><strong>mediam</strong></span> <span class='ocrx_word' id='word_1_227' title='bbox 352 2705 452 2772; x_wconf 79' lang='lat' dir='ltr'><strong>Libyen</strong></span> <span class='ocrx_word' id='word_1_228' title='bbox 464 2705 581 2768; x_wconf 82' lang='lat' dir='ltr'><strong>ueniant,</strong></span> <span class='ocrx_word' id='word_1_229' title='bbox 594 2716 676 2774; x_wconf 85' lang='lat' dir='ltr'><strong>atquc</strong></span> <span class='ocrx_word' id='word_1_230' title='bbox 686 2706 759 2759; x_wconf 82' lang='lat' dir='ltr'><strong>invia</strong></span> <span class='ocrx_word' id='word_1_231' title='bbox 771 2712 891 2761; x_wconf 58' lang='lat' dir='ltr'><strong>tentent,</strong></span> 
     </span>
    </p>
   </div>
   <div class='ocr_carea' id='block_1_4' title="bbox 0 0 990 3106">
    <p class='ocr_par' dir='ltr' id='par_1_13' title="bbox 0 0 990 3106">
     <span class='ocr_line' id='line_1_38' title="bbox 0 0 990 3106; baseline 0 0"><span class='ocrx_word' id='word_1_232' title='bbox 0 0 990 3106; x_wconf 95' lang='lat' dir='ltr'><strong> </strong></span> 
     </span>
    </p>
   </div>
  </div>
 </body>
</html>
