1956 3106
205 185 240 236 54
373 185 411 236 Μ.
447 183 548 236 ANN.
585 182 765 237 LUCANI

206 304 276 356 Urbe
283 307 388 371 procul,
399 306 549 370 nostrisque
559 305 622 356 velis
634 316 660 356 te
671 306 776 357 eredere
788 305 882 366 aencis,

202 375 376 442 Excludique
386 374 467 437 sinas,
479 375 592 426 adorisso
609 373 732 435 Caesare,
745 375 850 425 bellum.

203 443 247 493 Sit
259 447 332 495 loeus
345 453 469 510 exceptus
480 444 582 505 sceleri,
594 442 746 512 Magnoque
758 443 860 510 tibique

205 512 302 574 Tutus,
313 524 353 576 ut,
365 513 481 575 invictae
489 515 584 584 fatum
597 514 621 564 si
631 515 753 564 cernulat
765 513 835 574 urbi,

141 581 192 632 335
203 583 324 634 Foedera
335 583 358 634 si
366 586 502 649 placeant,
513 583 557 644 sit,
568 599 618 649 quo
631 583 745 634 veniatis
755 583 878 633 inermes.

207 651 262 711 Vel,
274 668 333 701 eum
346 661 425 702 tanta
437 662 530 703 ooeent
542 651 698 702 discrimina
710 650 812 702 Martis
822 651 904 713 Iberi,

203 721 277 783 Quid
286 721 409 786 rapidum
420 719 537 787 deflectis
549 720 619 770 iter?
643 719 699 771 Non
707 722 828 786 pondera
840 737 929 772 rerum

201 789 230 841 N
231 805 260 839 ee
271 800 403 841 momenta
414 805 516 840 suerrus:
532 805 678 856 numquam
684 789 814 859 felicibus
827 790 911 840 arenis

205 857 259 909 Usa
272 874 374 918 manus,
382 857 493 923 patriae
501 858 598 926 prinus
610 876 627 910 a
638 859 740 909 sedibus
751 861 834 911 exsul.

140 927 190 978 340
201 927 241 978 Et
247 936 311 993 post
322 930 469 979 translatas
481 937 593 980 exustae
603 927 736 979 Pboeidos
747 944 831 984 arces.

200 995 340 1048 Moenibus
352 997 458 1065 exiguis
470 997 557 1049 alieno
569 997 596 1048 in
609 999 687 1048 litore
699 997 761 1057 tuti,

199 1066 328 1117 Illustrat
337 1083 401 1135 quos
414 1069 470 1118 sola
477 1066 555 1135 fides.
575 1067 606 1119 Si
617 1067 741 1118 claudere
751 1082 840 1117 arsuros

202 1133 345 1188 Obsidione
353 1152 447 1204 paras,
458 1146 485 1187 et
495 1136 523 1186 ai
530 1136 705 1206 perfringere
710 1145 822 1201 portas:

200 1204 345 1272 Excepisse
350 1207 432 1278 seces
444 1205 531 1266 tectis,
544 1217 571 1256 et
583 1211 636 1258 tela
644 1205 750 1272 parati,

138 1273 188 1324 345
203 1272 341 1326 Undarum
352 1285 446 1342 raptos
457 1274 557 1326 aversis
563 1275 688 1345 fontibus
703 1275 816 1326 baustus

200 1343 344 1407 Quaerere,
356 1355 382 1395 et
394 1343 519 1411 effossam
530 1344 652 1396 sitientes
663 1345 777 1396 lambere
789 1355 904 1396 terram.

196 1413 246 1474 Et,
260 1414 326 1464 desit
337 1414 361 1463 oi
371 1416 451 1480 larga
466 1410 554 1475 Ceres,
567 1425 631 1464 tunc
641 1412 754 1464 barrida
766 1413 849 1475 cerni,

196 1480 339 1550 Foedaque
350 1481 471 1549 contingi
481 1485 618 1532 maculato
629 1497 740 1546 carpere
752 1498 849 1532 morsu.

196 1549 250 1600 Nee
257 1560 341 1615 pavet
352 1551 393 1600 bio
401 1551 518 1616 populus
527 1567 580 1615 pro
591 1551 717 1600 libertate
729 1550 828 1612 subire,

138 1619 187 1669 350
200 1617 341 1671 Obsessum
352 1617 441 1669 Poeno
450 1617 536 1685 gessit
547 1621 618 1683 quod
629 1618 721 1670 Marte
733 1619 896 1688 Saguntum.

195 1687 353 1738 Pectoribus
363 1686 439 1754 rapti
449 1697 576 1749 teratrum,
582 1689 747 1758 frustraque
758 1689 896 1743 trahentes

200 1755 287 1807 Ubera
299 1756 462 1826 sieeafame‚
471 1757 569 1808 medios
580 1757 723 1809 mittentur
734 1759 763 1811 in
774 1759 851 1829 ignes
856 1778 866 1820 ;

200 1824 275 1877 Uxor
286 1835 313 1877 et
324 1843 340 1876 a
352 1843 416 1876 earo
424 1836 518 1892 poscet
531 1825 583 1877 sibi
588 1827 657 1896 fata
668 1828 777 1880 marito.

199 1894 316 1945 Vulnera
327 1895 598 1965 raiseebuntfratres,
608 1897 754 1964 bellumque
765 1900 853 1951 eoacti

136 1963 186 2015 355
199 1963 259 2014 Hoc
267 1964 360 2029 potius
373 1964 449 2015 civile
458 1975 563 2032 gerent.
583 1966 628 2017 Sic
641 1968 726 2019 Graia
737 1971 862 2020 iuventus

196 2034 328 2084 Finierat:
347 2050 416 2095 cunr,
429 2034 539 2084 turbato
551 2037 604 2085 iam
616 2038 725 2102 prodita
736 2037 819 2097 voltu,

197 2103 241 2152 lra
253 2102 329 2153 ducis
339 2103 448 2153 tandem
459 2109 562 2154 testata
573 2112 615 2154 est
626 2121 693 2156 voce
705 2104 838 2155 dolorem:

254 2169 329 2222 Vana
343 2182 428 2223 resonet
442 2172 541 2223 Graios
552 2173 751 2243 nostrifidueia
761 2188 862 2223 cursus.

198 2241 323 2302 charnois
335 2241 494 2308 Hesperium
507 2243 598 2294 mundi
604 2257 776 2308 properemus
787 2241 824 2290 ad
834 2257 921 2302 aeeon,

135 2310 184 2360 360
198 2309 351 2361 Massiliam
363 2312 447 2361 delere
459 2321 546 2362 vacat.
580 2313 701 2363 Gaudete
712 2308 844 2360 cobortes:

166 2394 168 2398 ·
197 2376 285 2430 Obvia
293 2379 456 2445 praebentur
462 2382 589 2451 fatorum
599 2396 705 2430 recanere
717 2378 791 2429 bella.

200 2446 301 2500 Ventus
314 2459 344 2500 ut
354 2449 457 2500 arreittit
469 2451 547 2510 eires,
559 2447 612 2500 nisi
623 2448 716 2499 robore
727 2447 823 2500 densae
850 2471 853 2478 ·

196 2516 353 2570 Occurrant
363 2520 454 2580 siloae,
465 2517 553 2587 spatio
564 2515 680 2585 diffusus
694 2517 784 2568 inani:
821 2520 824 2525 '

198 2585 286 2652 thue
295 2588 371 2653 perit
382 2605 496 2656 rrtagnut
507 2586 586 2640 nullis
598 2586 763 2638 obstantibus
775 2587 856 2656 ignis,

136 2655 185 2705 365
199 2656 339 2708 Sieleostes
348 2657 413 2709 milei
425 2659 510 2710 deesse
520 2665 607 2709 nocet:
621 2656 795 2722 damnumque
805 2671 932 2724 putamus

197 2724 349 2788 Aestiorum,
362 2728 424 2785 rsisi.
436 2727 482 2794 qui
493 2725 693 2792 oinoipotuere‚
705 2727 839 2779 rebellent.
