1950 3218
196 143 482 198 PHARSALIA.
518 144 609 195 LlB.
628 145 723 198 ·v111.
773 145 824 228 1l5

86 272 177 323 Fama
184 275 273 333 potest
282 279 386 325 rerum,
396 273 453 314 toto
463 278 530 328 quas
536 262 669 332 gessimus
679 265 750 326 orbe,
832 266 890 318 275

87 340 128 393 Et
140 353 243 396 nomen,
254 335 325 402 quod
334 335 445 382 nsundus
457 342 541 382 amat.
564 330 615 381 Vos
622 333 733 399 pendite
746 350 831 402 regna

94 407 211 465 Viribus,
223 402 376 470 atquefide,
387 401 500 469 Libyen,
510 399 687 469 Parthosque,
700 401 823 455 Pleuron-

578 486 620 532 ue,

92 545 230 609 Quaenam
240 540 372 592 Romanis
381 540 473 590 deceat
483 487 638 591 succuirere
649 538 737 590 rebus.

91 615 142 664 Ast
155 630 203 679 ego
215 624 356 671 curarum,
366 623 500 675 proceres,
512 624 614 661 areana
624 623 744 660 mearum

89 683 266 749 Expromam,
277 678 424 743 mentisque
435 679 692 746 meaequopondcra
703 687 825 746 uergant.
834 680 885 737 280

89 754 171 803 Aetas
184 749 285 802 Niliaci
295 747 371 799 nobis
381 756 504 813 suspecta
516 748 627 816 tyranni
637 758 689 799 est.

89 822 183 872 Ardua
195 819 292 886 quippe
295 816 368 883 fides
379 816 501 867 robustos
509 816 600 886 exigit
609 832 702 869 annos.

89 891 163 942 Hinc
173 904 272 954 anceps
285 886 358 936 dubii
369 895 456 937 terret
466 886 588 936 sollertia
600 885 710 938 Mauri.-

90 960 211 1026 Nampue
222 973 320 1009 rnemor
330 955 439 1022 generis
451 953 629 1035 Carthaginis
638 955 726 1022 impia
733 958 824 1021 proles

87 1029 214 1081 Imminet
224 1024 383 1092 Hesperiae,
394 1027 543 1090 multusque
553 1041 582 1074 sn
589 1035 697 1090 pectore
706 1040 773 1075 rano
784 1033 824 1076 est
834 1025 891 1074 285

88 1097 244 1154 Hannibal,
254 1095 357 1160 obliquo
369 1094 489 1143 maculat
495 1093 541 1159 qui
552 1093 683 1159 sanguine
694 1108 816 1153 ternum,

91 1167 131 1220 Et
145 1165 274 1216 Numidas
285 1161 421 1230 contingit
432 1177 511 1212 auos.-
527 1161 580 1211 iam
591 1161 711 1228 supplice
722 1131 798 1212 blano

88 1234 240 1293 Intumuit,
251 1233 371 1295 uiditque
383 1233 440 1281 loco
451 1229 575 1282 Romana
586 1231 706 1282 secundo.
733 1257 737 1265 ·

94 1303 188 1364 Quare
204 1301 293 1368 agite,
304 1299 406 1359 Eoum,
424 1300 547 1361 comites,
556 1314 730 1365 properemus
741 1300 770 1351 in
785 1315 827 1351 or-

566 1369 630 1419 bem.

90 1439 202 1492 Dividit
213 1435 372 1503 Euphrates
382 1437 516 1506 ingentem
524 1438 638 1506 gurgite
650 1438 782 1501 erundum,
837 1438 890 1488 200

93 1507 245 1574 Caspiaque
257 1507 395 1558 immensos
407 1508 537 1559 seducunt
550 1511 673 1558 claustra
684 1519 809 1572 recessus,

91 1579 129 1631 Et
139 1580 215 1643 polus
227 1576 354 1645 Assprias
365 1579 435 1628 alter
445 1585 588 1644 noctesque
601 1577 705 1646 diesque

97 1647 195 1710 Vertit,
207 1647 383 1713 etabruptum
392 1657 528 1698 estnostro
539 1663 614 1698 mare
621 1648 735 1699 discolor
745 1646 827 1710 undo,

95 1718 270 1784 Oceanusque
282 1733 353 1767 suus.
366 1716 512 1782 Regnandi
522 1720 579 1768 sola
589 1720 722 1770 noluntas.

95 1787 197 1837 Celsior
208 1787 235 1837 in
249 1786 350 1852 conopia
359 1787 476 1851 sonipes,
489 1795 514 1837 et
520 1786 627 1856 sortior
639 1803 717 1838 arcus
724 1803 736 1847 ,·
838 1786 887 1835 295
904 1799 906 1804 ·

93 1856 121 1907 N
123 1872 152 1906 ec
161 1871 230 1921 puer
242 1865 291 1906 aut
302 1854 390 1906 senior
400 1857 492 1918 letales
505 1857 611 1906 tendere
621 1869 714 1906 neruos

95 1925 203 1990 Segnis,
216 1935 240 1975 et
253 1942 269 1975 a
280 1927 354 1975 nulla
365 1939 435 1974 mors
447 1933 486 1974 est
497 1925 602 1975 incerta
612 1925 726 1993 sagitta.

93 1995 182 2045 Primi
192 1994 316 2045 Pellaeas
328 2009 394 2042 arcu
400 1994 515 2064 fregere
526 1992 649 2056 sarissas,

93 2064 249 2128 Bactraque
260 2062 400 2112 Medorum
411 2063 508 2123 sedam,
521 2061 656 2128 murisque
667 2061 808 2127 superbam

95 2133 221 2200 Assyrias
231 2131 370 2199 Babylona
381 2130 477 2181 dornos.
499 2129 556 2181 Nec
563 2130 624 2196 pila
635 2130 765 2180 timentur
838 2129 888 2178 300

95 2201 122 2253 N
125 2213 200 2252 ostra
212 2201 290 2252 minsis
302 2199 428 2262 Partitis,
441 2199 592 2266 studentque
603 2199 630 2250 iu
643 2197 711 2249 bella
721 2197 819 2260 uenire,

94 2271 214 2337 Experti
227 2269 380 2339 Scythicas,
398 2267 495 2320 Crasso
506 2277 649 2334 pereunte,
661 2268 787 2336 sagittus.

97 2340 209 2406 Spicula
222 2357 269 2392 nec
280 2342 334 2390 solo
346 2333 481 2407 spaigunt
482 2338 602 2407 sidentia
608 2338 709 2409 serro‚·

96 2410 222 2461 Stridula
233 2411 279 2461 sed
288 2412 372 2460 multo
382 2418 544 2460 astruantur
555 2411 609 2459 telo
619 2422 724 2459 aeneao.

97 2479 218 2532 Vulnera
225 2496 315 2547 parva
327 2475 827 2547 nocent,fatumpueinsanguineium·
839 2473 896 2526 305

571 2563 613 2596 mo
627 2556 672 2597 est.

98 2617 124 2671 O
136 2619 239 2670 utinam
251 2634 302 2670 non
314 2627 393 2670 tanta
405 2615 471 2668 mibi
476 2615 583 2684 fiducia
592 2615 677 2666 saeuis

96 2687 177 2739 Esset
189 2688 384 2747 inArtacidis!
402 2686 482 2738 Fatis
493 2684 571 2738 nimis
583 2687 686 2737 aemula
699 2689 798 2738 nostris
