1956 3106
191 183 361 235 CARMEN
397 184 449 234 AD
485 184 683 237 PISONEM.
748 187 800 238 249

64 312 173 367 Certus,
186 311 214 356 et
224 303 277 355 hoc
287 305 344 354 veri
356 303 537 369 complectere
547 306 644 370 pignus
656 307 765 356 amoris.

66 375 146 437 Quod
159 376 181 425 si
192 375 274 441 digna
283 379 332 423 tua
342 373 429 422 minus
441 379 483 423 est
493 387 555 423 mea
565 374 665 439 pagina
675 373 765 435 laude,

66 449 100 496 At
109 445 227 496 voluisse
238 447 281 492 sat
291 447 345 492 est:
365 441 491 503 animum,
502 457 556 492 nnn
568 442 697 502 carmina,
707 442 789 493 iacto.

68 517 110 565 'l'u
121 513 203 563 modo
214 511 303 560 laetus
315 510 389 571 ades,
401 508 493 560 forsan
506 511 619 561 meliora
630 525 766 562 canemus.

67 572 185 634 rieures
198 579 273 629 dabit
282 580 340 644 ipse
352 577 438 641 favor,
450 578 525 630 dabit
534 581 594 646 ipsa
604 578 724 630 feracem
811 580 862 630 205

68 652 136 718 Spes
148 650 277 698 animum:
298 648 409 714 dignare
421 653 483 698 tuos
496 649 601 715 aperire
612 649 740 699 Penates.

70 722 130 768 lloc
141 716 227 767 solum
238 717 367 783 petimus:
387 732 437 766 nec
448 718 518 767 enim
530 733 573 768 me
584 718 674 768 divitis
686 719 746 768 auri

69 786 217 852 imperiosa
228 785 323 847 fames,
336 791 363 835 et
373 783 490 835 habendi
501 802 584 850 saeva
594 787 677 838 libido

68 854 215 921 Impulerit,
227 853 275 905 sed
285 855 371 904 laudis
384 869 470 904 amor.
489 855 576 918 iuvat,
587 857 698 924 optime,
710 864 801 908 tecum

69 927 185 992 Degere,
202 939 317 991 cunique
330 925 384 974 tuis
396 923 540 975 virtutibus
552 939 631 976 omne
642 941 691 992 per
703 941 799 977 aevum
811 926 864 975 21&

69 993 239 1045 Carminibus
251 999 359 1044 certare
370 994 446 1043 meis.
476 992 623 1055 Sublimior
631 994 691 1055 ibo,

68 1062 95 1113 Si
107 1063 197 1114 famae
207 1061 271 1112 mihi
283 1062 378 1128 pandis
389 1063 450 1124 iter,
463 1063 486 1112 si
499 1061 619 1113 detrahis
631 1064 762 1114 umbram.

67 1133 166 1182 Abdita
177 1131 240 1198 quid
253 1131 365 1196 prodest
375 1132 502 1198 generosi
512 1146 582 1182 vena
591 1131 701 1193 metalli,

68 1199 96 1248 Si
110 1201 213 1250 cultore
226 1198 318 1250 caretl
338 1201 400 1267 quid
412 1201 492 1251 inerti
503 1200 613 1250 condita
623 1206 714 1266 portu,

69 1269 97 1317 Si
109 1269 229 1318 ductoris
240 1274 311 1330 eret,
324 1270 391 1319 ratis
401 1270 494 1331 efficit,
507 1271 598 1320 onmia
609 1270 729 1337 quamvis
812 1270 863 1319 215

68 1341 242 1388 Armamenta
252 1307 331 1399 ferat,
341 1339 475 1405 teretique
486 1337 598 1388 fluentia
609 1339 680 1389 malo
781 1406 784 1411 ⁴

68 1407 168 1466 Possit,
179 1412 207 1456 et
218 1420 333 1456 excusso
344 1407 481 1458 dimittere
492 1407 553 1458 vela
562 1406 693 1459 rudente?

68 1477 129 1540 lpse
140 1490 189 1541 per
199 1476 331 1526 Ausonias
342 1477 444 1527 Aeneia
455 1478 576 1526 camnine
585 1483 681 1545 gentes

70 1545 121 1606 Qui
132 1551 220 1606 sonat,
230 1545 334 1612 ingenti
346 1546 391 1613 qui
403 1547 510 1596 nomine
521 1545 612 1612 pulsat
624 1547 778 1613 Olympum,

44 1615 277 1683 'Maeoniumque
288 1629 381 1665 senem
392 1614 515 1666 Romano
526 1621 726 1682 provocatore,
812 1617 866 1673 220
962 1616 965 1622 ’

67 1685 193 1734 Forsitan
205 1684 275 1734 illius
285 1684 404 1735 nemoris
414 1683 539 1736 latuisset
548 1687 576 1736 in
587 1686 691 1747 umbra,

70 1752 148 1811 Quod
161 1753 241 1814 canit,
253 1757 281 1801 et
292 1754 377 1803 sterili
387 1758 492 1804 tantum
504 1760 642 1806 cantasset
654 1771 748 1817 arena,

68 1821 180 1885 ignotus
192 1819 307 1936 populis,
319 1822 342 1870 si
353 1823 515 1873 Maecenate
527 1830 646 1874 careret:

70 1889 123 1948 oui
133 1894 224 1938 tannen
255 1889 308 1938 aud
319 1890 364 1939 uni
375 1889 507 1955 patefecit
516 1890 609 1941 limina
619 1893 683 1952 voti,

69 1957 127 2007 Nec
138 1972 187 2007 sua
199 1956 314 2023 Virgilio
328 1958 451 2023 permisit
462 1960 571 2009 numina
581 1959 640 2010 soli.
812 1961 862 2009 2525

69 2028 216 2076 Maecenas
228 2026 347 2092 Tragico
359 2027 525 2093 quatientem
538 2029 643 2096 pulpita
653 2034 733 2096 gestu

69 2095 168 2145 Erexit
178 2094 300 2147 Varium.
328 2096 475 2146 Maecenas
488 2096 543 2147 alta
554 2097 687 2149 Thoantis

72 2166 148 2215 Eruit
159 2170 187 2215 et
198 2163 305 2230 populis
319 2166 438 2216 ostendit
448 2168 558 2217 nomina
570 2167 668 2218 Graiis.

70 2234 196 2284 Carmina
207 2234 336 2283 Romanis
347 2235 430 2285 etiam
439 2237 597 2286 resonantia
607 2234 725 2298 chordis,

68 2305 268 2370 Ausoniamque
278 2300 376 2368 chelyn
385 2304 493 2371 gracilis
501 2304 633 2370 patefecit
644 2306 751 2356 Horati.
813 2308 869 2354 230

69 2373 91 2421 0
104 2373 196 2434 decus,
208 2378 236 2422 et
246 2377 306 2422 toto
319 2373 416 2422 merito
426 2373 587 2426 venerabilis
598 2390 665 2426 aevo

68 2442 152 2490 Pierii
162 2441 249 2491 tutela
261 2439 346 2502 chori,
358 2457 411 2508 quo
421 2443 547 2506 praeside
557 2445 608 2494 tuti

68 2509 130 2559 Non
141 2525 269 2576 umquam
280 2517 357 2561 vates
367 2512 441 2578 inopi
452 2512 566 2563 timuere
576 2512 716 2564 senectae!

70 2578 150 2638 Quod
161 2579 184 2628 si
196 2579 254 2645 quis
266 2580 366 2630 nostris
376 2580 502 2645 precibus
513 2581 598 2643 locus,
612 2587 640 2632 et
650 2597 711 2632 mea
721 2586 786 2632 vota

69 2647 97 2696 Si
110 2652 228 2698 mentem
237 2648 344 2699 subiere
355 2655 439 2711 tuam,
450 2651 633 2701 memorabilis
645 2651 709 2701 olim
813 2650 868 2701 235

69 2718 113 2767 Tu
125 2715 188 2766 mihi
201 2717 346 2769 Maecenas
358 2719 440 2770 tereti
451 2719 597 2772 cantabero
610 2735 699 2772 versu.
