1956 3106
150 142 202 193 242
320 140 355 191 Μ.
391 136 492 190 ΑΝΝ.
529 138 709 191 Lucan:

90 262 142 312 530
153 258 265 312 Sublato
278 259 378 310 cecidit
388 258 489 309 rabies:
508 274 570 308 nam
582 274 673 309 rursus
683 258 711 308 in
723 273 803 311 arma

152 329 285 397 Auspiciis
297 327 464 393 Ganymedis
475 334 553 377 eunt:
573 343 606 378 ac
616 327 701 379 multa
710 328 835 383 secundo

153 398 262 449 Proelia
272 399 362 448 Marte
372 402 477 463 gerunt.
501 397 603 458 Potuit,
615 396 769 449 discrinrine
779 415 890 453 summe

156 468 288 527 Caesaris,
299 467 345 516 illa
356 466 413 515 dies
424 466 450 515 in
462 464 561 515 famam
574 471 601 515 et
611 465 723 517 saecula
732 468 814 518 mitti.

206 537 287 587 Molis
296 537 324 584 in
335 535 449 601 exiguae
460 535 549 600 spatio
561 534 723 600 stipantibus
734 537 828 598 armis,

96 605 145 656 535
158 606 230 656 Dum
240 609 319 670 parat
328 605 354 653 in
366 618 466 653 vacuas
476 604 593 653 Martem
606 602 754 656 transferre
769 608 877 657 earduus

155 674 219 723 Dux
230 673 334 733 Latius,
346 677 406 721 tota
416 671 505 721 subito
516 670 660 722 formidine
671 671 734 723 belli

156 742 291 808 Cingitur:
311 738 372 789 bine
383 741 483 791 densae
495 746 657 806 praetexunt
667 741 751 793 litora
761 741 871 805 classes,

155 811 227 859 Hinc
236 815 315 875 tergo
327 809 458 859 insultant
470 809 588 876 pedites:
606 810 651 860 via
662 809 736 860 nulia
744 811 850 873 salutis,

156 877 217 927 Nun
234 876 312 944 fuga,
328 893 382 928 non
393 879 490 929 virtus:
513 878 558 929 vix
576 894 645 996 spepl
655 894 762 946 quoque
776 882 872 931 mortis

647 953 769 999 onestae.

98 1016 147 1066 540
159 1012 218 1066 Non
231 1016 289 1067 acie
300 1014 369 1077 fusa,
380 1030 431 1066 nec
441 1031 555 1083 magnae
566 1018 666 1084 stragis
676 1032 777 1068 acervo

158 1085 313 1137 Vincendus
324 1091 388 1135 tunc
400 1086 501 1135 Caesar
513 1092 580 1148 erat,
591 1086 640 1136 sed
650 1087 782 1153 sanguine
792 1088 873 1147 nullu,

159 1156 260 1220 Captus
271 1161 345 1205 sorte
356 1155 418 1205 loci.
447 1154 560 1215 Pendet,
573 1155 705 1204 dubiusne
716 1156 835 1217 timeret,

160 1224 309 1289 Optaretne
320 1224 398 1273 mori.
426 1223 556 1288 Respexit
566 1224 591 1272 in
606 1224 713 1290 agmine
725 1224 810 1275 denso

161 1290 301 1354 Scaevam,
313 1299 461 1359 perpetuae
473 1293 597 1341 arentum
607 1292 660 1341 iam
672 1293 784 1342 nomina
793 1292 884 1343 faniae

99 1361 150 1410 545
162 1360 200 1410 dd
212 1375 331 1426 campos,
343 1361 503 1428 Epidamno,
515 1370 590 1423 tuos:
609 1361 654 1411 ubi
666 1361 741 1411 solus
752 1362 855 1427 apertis

160 1429 274 1481 Obsedit
284 1430 367 1480 muris
379 1429 531 1481 calcantem
541 1429 650 1480 moenia
659 1429 801 1496 Magnum.

384 1671 451 1680 ...ι-ι-
460 1673 499 1679 -...-
507 1673 521 1678 .-
532 1672 542 1678 -
549 1673 600 1682 -.-.
