1950 3218
147 149 198 200 160
318 150 356 201 Μ.
394 149 493 200 ΑΝΝ.
530 148 713 200 Lucani

86 267 138 320 dos
152 265 251 319 Omnia
264 268 329 335 qnid
340 270 462 320 laceras?
471 269 536 336 quid
542 268 656 334 perdere
663 276 760 318 cuncta
767 266 894 319 laborat!

150 338 210 389 dnm
222 337 291 389 nihil
301 348 349 400 est,
360 338 593 398 Fortunn‚meum.
611 336 657 387 Sic
668 335 755 385 fatur:
766 342 795 386 et
806 352 892 400 arma,

151 405 297 475 Signaque,
311 414 339 458 et
347 406 471 456 addictas
481 408 614 456 omniiam
626 412 704 472 parto
716 411 842 456 catervas

151 476 262 538 Circuit,
275 483 302 526 et
309 482 422 526 revocat
432 485 540 525 matura
551 476 579 525 in
591 474 650 524 fota
660 482 780 535 ruentes,

152 543 241 610 Seque
252 551 335 611 negat
345 545 422 594 tanti.
444 543 502 594 Nec
513 544 609 594 deerat
619 543 703 593 robur
713 545 740 592 in
752 556 832 593 enses

92 613 143 664 6ῖο
154 615 197 663 irc
209 613 280 674 duci,
291 614 439 680 iuguloque
450 614 517 679 pati,
529 613 571 663 rel
583 618 697 678 pectore
707 610 810 661 letum:

153 681 206 732 Sed
218 683 407 732 timuitstrato
422 682 544 732 milesne
558 696 674 746 corpore
684 681 781 747 Magni

152 751 212 800 Non
223 750 340 816 fugeret,
352 766 489 817 supraque
497 750 593 801 ducem
602 748 798 815 procumberet
809 748 895 801 orbis:

154 820 279 868 Caesaris
292 825 340 868 aut
351 820 436 869 oculis
447 820 533 869 voluit
545 819 698 869 subducere
707 826 835 879 mortem,

154 886 353 953 Nequidquam.
383 888 489 950 Infelix,
501 903 598 939 socero
610 893 736 953 spectare
748 886 853 937 volenti

94 956 144 1007 ota
156 955 354 1007 Praestandum
365 963 407 1007 est
421 958 583 1025 ubicumque
600 964 690 1022 caput.
719 954 775 1006 Sed
787 962 819 1005 tu
831 972 897 1023 quo·

626 1040 687 1092 que,
700 1026 828 1087 coniunx,

156 1097 274 1146 caussae
287 1093 377 1162 fugae,
390 1095 532 1161 vultusque
543 1096 597 1145 tui:
614 1095 732 1161 fatisque
748 1094 895 1159 probatum

632 1170 674 1213 est

157 1235 349 1298 'repraesente
360 1233 439 1281 mori.
459 1233 660 1299 TumMagnum
671 1232 796 1281 concitus
807 1230 898 1283 aufert

157 1301 259 1352 Abella
273 1303 391 1368 sonipes,
402 1316 457 1351 non
469 1306 548 1368 tergo
560 1302 616 1352 teia
626 1306 779 1367 paventem,
932 1296 940 1305 “

157 1373 337 1439 ingentesque
349 1372 453 1420 animos
466 1376 590 1421 extrema
600 1373 627 1420 in
639 1370 696 1419 fata
707 1370 851 1420 ferentem.

96 1440 146 1491 680
158 1439 219 1490 Non
230 1442 356 1507 gemitus,
368 1456 422 1489 non
434 1438 514 1489 fletus
526 1446 593 1501 erat,
607 1440 735 1505 salvaque
752 1438 888 1489 verendus

156 1509 304 1559 Maiestate
316 1507 403 1569 dolor,
415 1509 521 1573 qualem
532 1516 569 1571 te,
580 1510 689 1576 Magne,
703 1507 821 1559 decebat

157 1578 285 1627 Romanis
297 1583 437 1640 praestare
449 1578 533 1627 malis.
563 1578 624 1627 Non
635 1580 740 1642 impare
751 1576 827 1626 rultu

157 1645 281 1710 Adspicis
292 1642 460 1694 Emathiam:
480 1661 530 1696 nec
542 1653 569 1697 te
580 1648 672 1697 videre
680 1645 828 1712 superbum

158 1712 443 1778 Prosperabellorum,
456 1713 628 1766 necfractum
637 1712 897 1765 adversam'debunt.

99 1782 148 1832 685
162 1783 303 1849 Quamque
313 1780 365 1831 fuit
374 1781 447 1833 laeto
460 1799 509 1849 per
520 1791 576 1836 tres
587 1785 672 1835 infida
682 1781 845 1850 triumphos,

160 1854 229 1901 'Pam
241 1852 341 1902 misero
353 1852 475 1902 Fortuna
486 1855 582 1904 minor.
601 1856 657 1906 lam
668 1852 791 1919 pondere
800 1847 852 1903 tati

159 1922 292 1986 Deposito
304 1936 415 1970 securus
428 1922 498 1972 abis:
518 1940 588 1974 nunc
598 1922 804 1990 temporalaeta

159 1991 321 2056 Respexisse
333 1996 425 2040 vacat:
449 2007 512 2057 spes
524 2009 670 2061 numquam
684 1991 823 2057 implenda
837 2007 880 2043 re·

634 2063 723 2112 cessit.

162 2129 228 2189 Quis
239 2126 332 2191 fueris,
342 2144 414 2179 nunc
424 2129 494 2180 scire
505 2130 578 2180 licet.
597 2132 672 2197 Fuge
684 2129 789 2195 praelia
799 2129 869 2191 diro,

100 2197 150 2248 690
161 2200 199 2247 Ac
209 2204 312 2248 testare
324 2198 519 2261 deos,n1dlum,
532 2201 576 2266 qui
587 2205 691 2266 perstet
702 2201 728 2248 in
741 2199 834 2261 armis,

146 2302 149 2307 -
161 2269 217 2317 lam
229 2267 287 2327 tibi,
297 2268 406 2334 Magne,
418 2270 500 2318 mori:
513 2284 562 2318 ceu
573 2267 668 2319 flebilis
679 2268 771 2318 Africa
781 2268 895 2329 damnis,

161 2338 198 2386 Et
209 2336 485 2398 ceuMundanocens‚
494 2335 648 2404 Pharioque
656 2338 784 2404 agurgite
793 2336 895 2397 clades,

162 2404 207 2455 Sic
220 2410 248 2454 et
260 2401 436 2455 Thessalicae
447 2413 510 2472 post
520 2413 547 2456 te
558 2422 621 2472 pars
632 2407 750 2455 maxima
760 2420 878 2473 pugnae.

162 2473 222 2522 Non
235 2475 289 2523 ianr
302 2474 424 2541 Pompeii
436 2490 534 2525 nomen
546 2475 677 2542 populare
688 2490 737 2541 per
748 2475 853 2537 orbern,

101 2539 152 2592 695
164 2542 221 2592 Nec
229 2542 430 2594 studiumbelli:
443 2543 555 2609 sedpar,
563 2544 634 2611 quod
642 2542 898 2609 semperhabemus,

162 2610 289 2661 Libertas
301 2617 330 2664 ct
340 2614 441 2664 Caesar
451 2619 543 2665 erunt:
564 2619 645 2680 teque
655 2612 718 2663 inde
731 2613 827 2680 fugato

162 2679 289 2730 Ostendit
298 2682 426 2747 monens,
437 2682 489 2735 sibi
499 2697 529 2735 se
539 2696 684 2752 pugnasse,
696 2690 816 2737 senatus.
