1956 3106
214 164 504 218 PHARSAhlA.
542 166 630 215 LIB.
653 165 704 215 lX·
781 167 832 217 215

88 287 258 356 Signiferum
267 289 393 337 iuvenem
406 282 546 349 Tyrrheni
556 285 694 350 sanguinis
706 284 812 346 Aulum,

89 360 180 408 Torta
191 362 274 422 eaput
284 361 369 416 retro,
380 354 481 419 Dipsas
492 351 600 402 calcata
609 351 766 401 momordit.

90 427 146 478 Vix
156 426 235 476 dolor
248 430 296 474 aut
306 438 401 474 sensus
413 422 503 472 dentis
514 419 578 471 luit:
596 421 711 488 ipsaque
723 420 772 472 leti

90 497 164 546 Fons
177 500 254 544 caret
263 492 378 543 invidia:
397 491 602 557 necquidquam
609 489 691 557 plaga
702 492 830 541 minatur.
841 493 893 542 tro

91 565 166 616 Ecce
177 563 251 614 subit
260 563 335 611 virus
345 561 469 621 tacitum,
483 561 625 627 carpitque
636 558 768 610 medullas
953 561 957 567 '

91 634 165 700 lgnis
178 633 258 693 edax,
271 630 411 698 calidaque
423 628 545 679 incendit
554 629 662 679 viscera
672 629 744 680 tabe.

90 703 185 752 Ebibit
196 699 336 750 humorem
349 700 451 749 circum
463 697 558 747 vitalia
568 697 658 748 fusum

89 771 190 831 Pestis,
203 771 268 820 etin
281 770 355 819 sicco
367 768 486 835 linguam
498 772 604 818 torrere
615 768 708 834 palato

90 841 202 905 Coepit;
222 838 346 890 defessos
356 839 411 888 iret
421 838 467 904 qui
477 835 561 887 sudor
571 838 599 886 in
611 843 687 888 artus
843 839 894 890 ’(45

90 908 153 960 Non
165 908 225 972 fuit,
238 914 320 977 atque
332 907 427 958 oculos
437 907 622 971 lacrymarum
632 922 703 959 veno
713 905 823 975 refugit.

90 978 152 1029 Non
165 978 248 1030 docus
258 977 375 1044 imperii,
386 990 441 1025 non
452 976 550 1025 moesti
561 976 622 1025 iura
633 978 744 1027 Catonis

90 1048 238 1099 Ardentem
249 1054 364 1099 tenuere
375 1046 472 1107 virum,
484 1045 547 1110 quin
559 1060 690 1112 spargere
702 1048 780 1112 signa

90 1118 220 1178 Auderet,
231 1118 351 1184 totisque
363 1113 457 1165 furens
468 1115 624 1180 exquireret
636 1115 717 1181 agris,

92 1186 167 1247 Quas
178 1185 312 1252 poscebat
324 1199 409 1251 aquas
420 1184 514 1233 sitiens
524 1183 552 1232 in
565 1182 648 1232 corde
659 1198 801 1234 venenum.
842 1184 894 1234 ’(50

89 1254 438 1308 lllevelinTanainmissus
449 1250 665 1318 Rhodanumque
673 1253 841 1320 Padumque,

90 1323 216 1385 Arderet,
227 1322 372 1389 Nilumque
381 1321 477 1372 bibens
488 1337 537 1387 per
549 1337 614 1371 rura
623 1328 778 1388 vagantem.

89 1393 213 1444 Accessit
224 1393 307 1442 morti
318 1391 417 1456 Libye,
429 1391 547 1457 fatisque
560 1391 692 1440 minorem

89 1464 203 1514 Famam
215 1461 316 1528 Dipsas
328 1459 420 1523 habet,
433 1462 513 1511 terris
526 1460 620 1510 adiuta
630 1462 757 1526 perustis.

89 1530 236 1583 Scrutatur
245 1547 327 1582 venas
338 1531 446 1597 penitus
457 1531 606 1598 squalentis
618 1546 732 1581 arenae:
841 1531 893 1582 155

89 1602 169 1653 Nunc
179 1602 252 1653 redit
264 1601 297 1651 ad
310 1600 416 1666 Syrtes,
429 1607 458 1651 et
468 1599 567 1650 fluctus
578 1601 679 1666 accipit
693 1616 754 1650 ore:

88 1673 302 1789 Aequoreusque
314 1671 415 1736 placet,
426 1671 474 1721 sed
484 1669 597 1720 nonsibi
609 1668 832 1733 sullicit‚humor.

88 1740 149 1791 Nec
160 1742 244 1790 sentit
267 1740 359 1807 atique
371 1755 466 1806 genus,
478 1745 650 1808 mortemque
662 1741 768 1802 veneni,
782 1790 785 1795 ,
831 1750 835 1766 ·

90 1808 146 1860 Sed
156 1813 236 1874 putat
247 1823 307 1859 esse
317 1809 405 1869 sitim,
419 1807 547 1876 ferroque
559 1810 666 1875 operire
678 1815 816 1860 tumentes

91 1877 227 1928 Sustinuit
236 1891 329 1938 venas,
343 1883 425 1943 atque
438 1891 468 1927 os
478 1878 592 1943 implere
604 1892 711 1928 cruore.
843 1877 895 1928 too

89 1947 173 1997 lussit
185 1946 263 2012 signa
273 1947 331 2011 rapi
343 1961 461 2012 propere
475 1948 557 1996 Cato:
577 1947 683 1997 discere
694 1946 759 1997 nulli

90 2016 260 2067 Permissum
272 2013 379 2065 esthon
392 2030 473 2083 posse
486 2015 568 2066 sitim.
588 2014 643 2067 Sed
654 2017 759 2067 tristior
769 2017 816 2067 illa

90 2087 168 2138 Mors
179 2090 240 2136 erat
251 2090 314 2134 ante
326 2084 436 2136 oculose
454 2086 602 2152 miserique
612 2086 639 2134 in
648 2083 835 2136 erureSabelli

91 2154 160 2222 Seps
171 2155 250 2205 stetit
262 2155 384 2220 exiguus,
401 2169 480 2221 quem
493 2152 564 2205 flexo
577 2154 659 2204 dontc
671 2160 797 2205 tenacem

89 2225 248 2292 Avulsitque
258 2239 350 2285 manu,
361 2225 470 2292 piloque
482 2223 578 2274 adfixit
588 2225 685 2275 uronis.
844 2224 895 2277 765

90 2296 181 2346 Parva
190 2294 274 2346 inodo
286 2309 414 2361 serpens3
434 2293 483 2345 sed
496 2310 549 2361 qua
559 2309 613 2344 non
627 2294 682 2343 ulla
694 2300 823 2346 cruentae

90 2367 211 2414 'Pontum
219 2361 413 2415 mortishabet.
425 2363 599 2431 Namplagae
607 2365 838 2429 proximacircum

89 2434 173 2500 Fugit
183 2439 265 2499 rupta
277 2435 355 2496 critis,
367 2433 552 2501 pallentiaque
566 2449 629 2484 ossa
639 2436 747 2484 retexit.

88 2503 202 2569 lamque
213 2505 273 2553 sinu
284 2504 346 2553 laxo
357 2504 458 2554 nudum
471 2509 513 2554 est
525 2505 582 2554 sine
595 2519 711 2570 corpore
724 2504 832 2568 vulnus3

88 2570 215 2622 Membra
225 2579 322 2623 notant
332 2574 420 2625 sanie:
440 2571 645 2625 suraefluxere:
665 2574 722 2624 sine
734 2573 789 2626 ullo
842 2577 894 2626 'lto

88 2642 225 2709 'l'cgmine
236 2641 332 2708 poples
341 2650 414 2694 erat:
436 2642 571 2693 femorum
579 2643 833 2710 quoquemusculus

568 2728 654 2760 tillitus
