1950 3218
150 93 184 144 64
324 93 360 143 M.
397 89 497 143 ANN.
532 91 710 142 Luceni

150 211 228 263 Nunc
258 213 310 274 ice,
322 228 393 263 nunc
402 211 505 279 liquida
513 226 626 277 rapuere
638 213 763 263 incendia
774 227 847 263 cera.

88 281 140 331 1385
151 280 210 332 Nec
252 293 353 331 ammas
379 288 508 347 superant
532 281 633 330 undae:
659 284 813 350 sparsisque
835 298 885 350 per

124 389 125 392 ,
620 365 722 416 aequor

151 421 208 470 lam
219 420 332 480 ratibus,
344 418 497 484 fragmenta
508 417 581 468 ierus
592 417 641 468 sibi
653 420 772 470 vindicat
781 421 859 487 ignis.

151 490 204 539 Hic
215 486 424 554 recipitiluctus,
437 488 882 554 extinguatutaequorellammas:

158 559 203 618 Hi,
217 572 250 608 ue
261 561 424 622 mergantur,
434 555 534 605 tabulis
546 555 702 607 ardentibus
712 555 834 609 haerent.

151 627 225 678 Mille
236 626 331 675 modos
341 626 412 673 inter
422 625 477 683 leti,
491 638 563 673 mors
573 640 627 674 una
638 627 728 675 timori
740 633 789 688 est,

93 693 142 744 tto
155 696 215 754 Qua
227 708 341 758 coepere
353 694 430 741 mori.
459 691 515 742 Nec
528 703 617 742 cessat
628 694 760 762 naufraga
770 697 863 747 virtus.

153 763 221 812 'l'ela
237 763 330 828 legunt
341 761 448 810 deiecta
459 762 536 821 mari,
549 762 704 830 ratibusque
714 765 881 815 ministrant:

152 833 326 897 incertusque
337 845 431 879 luanus
440 831 496 879 ictu
508 830 652 896 languente
661 848 711 898 per
720 833 807 885 undas

152 901 296 950 Exercent.
325 897 412 959 Nunc,
423 913 486 948 rara
497 899 577 948 datur
587 901 609 948 si
622 903 702 967 copia
712 900 786 963 ferri,

153 971 270 1019 Utuntur
280 967 386 1036 pelago.
406 966 508 1018 Saevus
520 969 710 1033 complectitur
721 973 827 1021 hostem

93 1037 142 1088 ⁶95
153 1040 258 1100 Hostis,
270 1045 298 1088 et
307 1038 442 1103 implicitis
453 1036 573 1103 gaudent
584 1038 723 1088 subsidere
734 1040 870 1102 membris,
909 1042 913 1051 “

152 1109 360 1175 Mergentesque
371 1107 448 1156 mori.
460 1134 492 1142 —
520 1106 616 1172 Pugna
627 1105 678 1156 luit
687 1124 755 1157 unus
765 1109 793 1157 in
802 1108 849 1160 illa

153 1179 274 1228 Eximius
286 1175 411 1226 Phoceus
423 1175 538 1223 animam
550 1190 658 1224 serrare
671 1176 818 1237 subaudis,

153 1246 327 1311 Scrutarique
339 1244 446 1305 fretum,
458 1244 480 1293 si
492 1244 554 1310 quid
565 1245 702 1294 mersisset
713 1246 810 1303 arenis,

153 1318 190 1366 Et
199 1317 277 1365 nimis
288 1314 392 1363 adfixos
402 1314 463 1362 unci
476 1312 627 1362 convellere
637 1328 752 1375 morsus,

92 1385 144 1436 tto
154 1385 305 1434 Adductum
318 1383 422 1448 quoties
433 1396 486 1429 non
497 1389 619 1430 senserat
629 1397 730 1432 ancora
739 1383 840 1434 funem.

153 1454 207 1504 Hic
217 1452 263 1501 ubi
274 1465 456 1516 compressum
467 1451 573 1514 penitus
586 1450 736 1503 deduxerat
745 1450 861 1515 hostem,

153 1522 251 1573 Victor
261 1525 289 1569 et
296 1519 437 1568 incolumis
447 1533 565 1568 summas
575 1520 715 1571 remeabat
725 1522 760 1571 ad
771 1521 864 1572 undas.

155 1589 208 1640 Sed
219 1605 248 1639 se
259 1603 307 1654 per
316 1602 417 1637 vacuos
429 1587 515 1636 credit
527 1587 589 1636 dum
601 1604 712 1655 surgere
723 1589 829 1653 fluctus,

152 1655 878 1725 Puppibusoccurrit‚tandemquesubaequoremansit

94 1728 145 1779 too
156 1731 193 1779 Hi
204 1742 285 1793 super
295 1723 406 1775 hostiles
416 1726 538 1774 iecerunt
547 1724 660 1775 brachia
670 1742 767 1788 remos,

155 1800 191 1848 Et
203 1798 300 1847 ratium
312 1801 422 1844 tenuere
434 1794 533 1860 iugum.
562 1793 622 1844 Non
635 1796 749 1861 perdere
758 1797 844 1848 letum

155 1868 275 1918 Maxima
287 1879 351 1913 cura
360 1862 424 1924 fuit3
436 1863 533 1912 multus
546 1879 595 1913 sua
605 1865 714 1916 volnere
728 1868 812 1934 puppi

157 1937 256 1986 :ldfixit
267 1933 391 1991 moriens,
403 1938 431 1981 ct
441 1933 535 1981 rostris
548 1933 658 1984 abstulit
667 1936 746 1986 ictus.

210 2003 331 2054 Stantem
343 2000 449 2050 sublimi
459 1999 631 2065 Tyrrhenum
643 2003 757 2054 culmine
769 2015 866 2070 prorae

58 2073 60 2079 '
96 2077 147 2126 710
158 2074 317 2141 Lygdamus
327 2085 451 2129 excussa,
465 2070 586 2120 Balearis
596 2077 687 2121 tortor
696 2070 827 2132 habenae,

159 2143 371 2208 Glandepetens,
384 2139 469 2189 solido
476 2138 884 2207 fregitcaratemporaplumbo.

159 2212 273 2263 Sedibus
284 2209 395 2275 expulsi,
406 2215 549 2274 postquam
563 2225 643 2259 cruor
656 2211 746 2260 omnia
755 2208 829 2274 rupit

158 2281 282 2339 Vincula,
294 2277 474 2344 procumbunt
484 2277 568 2326 oculi:
580 2285 635 2329 stat
645 2279 743 2329 lumine
754 2283 834 2343 rapto

158 2351 309 2408 Adtonitus,
320 2348 465 2412 mortisque
476 2347 535 2395 illas
547 2353 624 2412 putat
635 2364 694 2399 esse
705 2347 842 2399 tenebras.

98 2418 149 2469 715
160 2420 196 2469 At
208 2424 350 2484 postquam
361 2416 488 2465 membris
498 2418 583 2466 sensit
593 2425 719 2468 constare
728 2419 860 2486 vigorem,

164 2485 224 2546 Vos,
236 2488 282 2546 ait,
294 2503 308 2535 o
318 2484 391 2542 socii,
402 2484 472 2534 sicut
483 2493 614 2536 tormenta
626 2487 725 2547 soletis,

159 2555 205 2606 Me
215 2570 316 2619 quoque
329 2553 465 2604 rrrittendis
476 2564 577 2604 rectum
590 2557 737 2622 componite
749 2555 819 2607 telis.

158 2623 249 2693 Egere
256 2624 326 2690 quod
331 2632 450 2689 superest
460 2622 572 2685 univirae,
589 2623 733 2693 Tyrrheue,
742 2642 793 2693 per
802 2637 891 2676 emm
