1950 3218
213 207 504 262 PHARSALIA.
540 177 720 268 uranii.
784 217 834 269 155

96 331 205 396 Vixque
216 327 342 380 habitura
352 330 443 380 locum
454 331 565 383 dextras
578 347 610 382 ao
621 333 677 383 tela
687 337 822 399 movendi,

93 401 273 460 Constiterat,
285 398 445 467 gladiosque
457 417 521 452 suos
536 416 694 467 compressa
705 405 827 455 timebat.
842 408 893 458 495

96 469 242 534 Praecipiti
257 483 338 518 eursu
347 480 475 519 vesanum
488 472 611 522 Caesaris
623 486 720 538 agmen

96 538 127 587 ln
137 538 452 603 densosagitureuneos:
464 554 656 606 perquearma,
668 555 717 606 per
727 539 833 596 hostem

97 607 212 666 Quaerit
221 609 282 656 iter.
313 607 374 667 Qua
384 614 459 658 torta
468 624 565 675 graves
576 610 662 659 lorica
674 615 785 660 catenas

92 677 225 742 opponit,
237 683 351 742 tutoque
361 676 430 727 latet
440 677 489 728 sub
501 679 620 744 tegmine
631 684 737 744 peetus,

95 745 156 795 Hae
174 761 281 813 quoque
299 753 458 810 perventum
476 752 519 797 est
533 747 568 796 ad
582 748 701 798 viscera:
730 752 826 815 totque

570 831 708 881 perarma
840 818 891 866 500

94 884 254 933 Extremum
266 891 316 943 est,
329 883 401 950 quod
409 885 521 950 quisque
530 882 602 935 serit.
631 885 725 935 Civilia
735 885 808 936 bella

96 953 156 1000 Ilna
167 953 239 1002 acies
250 954 361 1017 patitur,
372 953 443 1018 gerit
455 951 555 1002 altera:
574 952 687 1020 frigidus
698 953 760 1004 inde

94 1018 156 1070 Stat
166 1020 287 1087 gladius,
299 1021 456 1070 caletomne
467 1021 830 1073 nocensaCaesarelorrum.
867 1078 870 1083 ,

93 1088 151 1139 Neo
162 1090 285 1140 Fortuna
295 1090 340 1138 diu
350 1105 441 1139 rerum
452 1094 494 1138 tot
505 1089 628 1154 pondera
638 1094 755 1152 vertens,

92 1159 212 1207 Abstulit
221 1160 346 1224 ingentes
358 1156 416 1207 lato
429 1163 552 1207 torrente
562 1157 663 1206 ruinas.
840 1160 891 1209 505

147 1228 183 1276 Ut
196 1228 311 1290 primum
324 1232 384 1276 toto
397 1227 503 1276 diduxit
514 1240 617 1275 cornua
628 1242 724 1292 campo

93 1296 278 1358 Pompeianus
290 1309 381 1360 eques,
392 1294 509 1362 bellique
520 1308 568 1360 per
581 1295 675 1344 ultima
685 1294 767 1345 fudit:

94 1362 198 1428 Sparsa
210 1379 259 1429 per
270 1369 407 1414 extremos
419 1364 485 1414 levis
497 1369 636 1413 armatura
645 1365 779 1430 maniplos

92 1433 257 1497 Insequitur,
268 1447 418 1500 saevasque
428 1448 524 1483 manus
534 1432 657 1482 immittit
666 1433 693 1482 in
706 1432 820 1486 hostem.

93 1501 152 1551 lllie
164 1517 287 1568 quaeque
299 1517 348 1551 suo
360 1504 457 1553 miscet
467 1517 535 1570 gens
547 1502 651 1568 proelia
661 1503 729 1554 telo:
840 1505 892 1556 510

92 1570 230 1621 Romanus
242 1571 346 1621 eunetis
357 1573 459 1637 petitur
472 1586 566 1622 eruor:
584 1572 647 1622 inde
658 1575 784 1640 sagittae,

92 1640 158 1689 lnde
170 1639 245 1690 laces
257 1647 284 1690 et
295 1654 362 1690 saxa
372 1641 474 1703 volant,
486 1641 631 1708 spatioque
642 1642 747 1693 solutae

91 1710 177 1769 Aeris,
191 1717 218 1759 et
230 1710 317 1759 calido
328 1709 494 1776 liquefactae
507 1711 628 1776 pondere
638 1712 759 1778 glandes.

92 1779 171 1828 Tune
183 1786 211 1829 et
223 1780 332 1841 lturaei,
345 1781 471 1846 Medique
483 1779 647 1847 Arabesque,
659 1781 748 1831 soluto

91 1848 162 1897 Arcu
174 1848 254 1897 turba
264 1850 364 1909 minax,
377 1864 510 1915 nusquam
521 1863 617 1899 rexere
630 1851 759 1916 sagittas:
839 1849 891 1902 515

92 1913 146 1965 Sed
158 1918 259 1982 petitur
270 1918 352 1977 solus,
365 1919 410 1984 qui
422 1918 524 1982 eampis
534 1917 656 1967 imminet
668 1933 723 1967 aer.

91 1985 156 2035 lnde
170 1987 271 2036 cadunt
280 1994 396 2035 mortes:
415 1986 527 2035 sceleris
537 1987 585 2035 sed
597 1987 708 2036 cunilae
720 1987 793 2037 nullo

91 2055 241 2104 Externum
256 2054 395 2104 maculant
405 2052 562 2119 chalybem;
582 2054 658 2103 stetit
675 2071 753 2105 omne
766 2072 810 2106 oo·

568 2129 658 2171 aetum

93 2194 171 2243 Circa
181 2193 236 2258 pila
246 2191 337 2242 nefas:
349 2189 422 2241 ferro
434 2189 588 2239 subtexitur
600 2187 703 2252 aether,

90 2261 206 2328 Noxque
218 2277 300 2327 super
311 2275 422 2325 campos
432 2259 494 2308 telis
506 2265 634 2307 conserta
644 2259 782 2324 pependit.
836 2261 887 2313 520

90 2333 162 2381 Tum
176 2333 276 2381 Caesar
286 2339 418 2390 metuens,
431 2343 465 2377 ne
476 2326 551 2377 frons
562 2328 612 2376 sibi
622 2329 709 2392 prima
722 2328 827 2380 labaret

88 2401 212 2461 Incursu,
223 2406 299 2450 tenet
311 2399 433 2465 obliquas
444 2401 508 2464 post
518 2396 595 2462 signa
608 2395 748 2446 cohortes:

88 2471 173 2537 inque
182 2470 254 2520 latus
265 2469 337 2530 belli,
350 2483 403 2535 qua
415 2482 444 2517 se
455 2481 540 2532 vagus
552 2463 639 2516 hostis
651 2464 759 2532 agebat,

89 2540 215 2589 immittit
225 2539 352 2600 subitum,
364 2552 417 2587 non
429 2535 510 2587 motis
522 2533 656 2596 comibus,
668 2550 772 2602 agmen.

90 2608 265 2658 immemores
278 2622 392 2674 pugnae,
405 2605 531 2671 nulloque
543 2603 646 2668 pudore
656 2604 768 2656 timendi
836 2607 886 2657 525

90 2677 259 2743 Praecipites
270 2676 362 2727 iecere
374 2676 472 2740 palam,
485 2672 573 2722 civilia
583 2672 654 2723 bella

89 2745 150 2795 bion
163 2747 232 2796 bene
242 2746 392 2795 barbaricis
404 2757 532 2811 umquam
544 2744 688 2793 commissa
700 2749 825 2796 catervis.
