1956 3106
256 115 293 167 ro
430 116 468 165 m.
504 113 605 165 auu.
641 84 823 165 Lucani

262 236 327 286 Dux
338 236 415 285 stetit
425 236 570 301 Hesperio,
583 251 635 283 non
645 234 720 284 illum
730 234 893 301 gloriapulsi

261 304 409 355 Laetificat
419 304 528 370 Magni:
541 304 662 370 queritur
673 303 745 369 quod
756 309 817 352 tuta
826 317 875 368 per
886 317 973 369 aequo

218 373 252 421 5⁰
264 374 357 439 'l'erga
367 371 457 423 ierant
467 372 568 422 hostes.
588 371 681 439 Neque
688 373 757 422 enim
767 373 822 421 iam
833 370 933 421 suffieit
944 372 972 421 ul

264 440 413 506 Praecipiti
424 441 535 491 iortuua
546 442 617 490 viro:
629 456 680 491 uec
691 443 799 490 vincere
810 442 888 501 tanti,

263 511 300 560 Ut
310 510 410 560 bellum
420 509 551 570 dillerret,
563 516 631 559 erat.
668 511 739 559 Tum
749 517 861 574 pectore
874 523 954 559 curas

264 579 376 644 Expulit
387 594 532 639 armorum,
544 579 659 644 pacique
670 579 789 628 intentus
802 577 911 644 agebat,

266 647 380 714 Quoque
390 647 471 697 modo
483 662 566 697 vanos
580 647 672 712 populi
683 649 807 697 conciret
818 661 936 707 amores,

222 715 255 764 55
269 715 385 778 Gnarus,
398 722 425 766 et
436 718 537 766 irarum
551 731 662 766 caussas
674 721 701 766 et
712 731 817 766 summa
827 715 928 765 favoris

263 786 377 850 Annona
386 791 525 836 momenta
536 783 616 835 trahi.
652 784 775 851 Namque
787 785 888 834 adserit
898 784 975 834 urbe·

264 850 330 903 Sola
340 852 436 916 fames,
448 855 702 921 emiturquemetus,
714 858 978 920 oumscgnepotent

265 921 368 989 Volgus
380 922 463 973 alunt.
499 923 595 974 Nescit
605 923 699 989 plebes
709 924 801 973 ieiuna
811 924 917 973 timere.

265 993 346 1042 Curio
359 991 481 1043 Sicanias
493 993 686 1043 transcendere
697 994 785 1042 iussus
796 992 824 1042 in
836 991 927 1052 urbes,

220 1059 253 1109 oo
266 1061 326 1121 (lua
337 1076 412 1112 mare
421 1062 545 1114 tellurem
557 1062 653 1113 subitis
665 1068 711 1111 aut
724 1061 814 1112 obruit
823 1061 911 1122 undis,

262 1131 316 1180 Aut
327 1131 416 1193 scidit,
428 1139 456 1183 et
467 1132 570 1183 medias
582 1131 648 1182 feeit
658 1131 709 1182 sibi
719 1131 801 1182 litora
810 1136 907 1180 terras.

264 1199 312 1250 Vis
322 1200 377 1251 illie
387 1203 481 1268 ingens
493 1202 590 1268 pelagi,
601 1215 760 1267 semperque
770 1199 897 1249 laborant

263 1269 398 1336 Aequora,
410 1287 444 1322 ue
455 1272 529 1337 rupti
539 1276 665 1336 repetant
675 1270 792 1320 eoniinia
802 1274 921 1318 montese

264 1337 394 1406 Bellaque
407 1339 525 1391 Sardoas
537 1341 619 1389 etiam
629 1345 793 1405 sparguntur
803 1339 830 1387 iu
841 1352 912 1388 oras.

221 1402 254 1454 65
266 1407 386 1473 Utraque
398 1407 535 1474 frugiferis
547 1413 590 1458 est
599 1407 686 1457 insula
695 1402 791 1457 nobilis
803 1409 883 1468 arvis,

263 1473 322 1525 Nec
334 1475 392 1540 plus
405 1477 568 1541 Hesperiam
578 1476 730 1542 longinquis
740 1475 873 1526 messibus
884 1475 965 1538 ullae,

264 1541 322 1592 Nec
333 1543 455 1594 Romana
464 1545 551 1611 magis
564 1543 734 1609 complerunt
744 1541 846 1594 horrea
856 1551 960 1596 terrae:

263 1610 353 1660 Ubere
364 1613 409 1660 vix
420 1613 515 1678 glebae
526 1619 646 1678 superat,
658 1613 826 1664 cessantibus
837 1615 951 1674 Austris,

265 1680 330 1729 Cum
343 1680 462 1730 medium
473 1682 560 1732 nubes
571 1683 664 1733 Borea
675 1688 791 1748 cogente
802 1683 851 1733 sub
863 1698 942 1732 axem

221 1748 256 1796 to
268 1746 369 1798 Effusis
377 1764 503 1816 maguum
514 1750 604 1815 Libye
616 1750 678 1800 tulit
688 1751 819 1802 imbribus
831 1767 938 1802 annum.

315 1817 394 1867 Haec
403 1818 449 1868 ubi
460 1820 714 1886 suntprovisaduei,
725 1821 976 1888 tuncagminaviet·

263 1883 324 1934 Non
335 1893 440 1936 armata
451 1885 571 1950 trahens,
582 1889 630 1938 sed
642 1890 716 1954 pacis
726 1887 855 1940 babentia
865 1890 977 1948 vultum,

263 1955 352 2004 Tecta
366 1957 434 2020 petit
447 1958 559 2020 patn'ae.
583 1958 652 2019 Pro,
663 1959 686 2008 si
695 1965 845 2010 rerueasset
855 1960 881 2008 in
891 1959 976 2013 ruben

265 2022 405 2074 Gallorum
416 2030 522 2074 tuntum
534 2027 640 2092 populis
653 2028 787 2094 Arctoque
798 2027 920 2086 subacta,

220 2093 254 2141 ¹15
267 2093 354 2153 Quam
366 2095 462 2143 seriem
474 2108 564 2144 rerum
575 2095 657 2163 longa
668 2098 842 2161 praemittere
854 2107 963 2158 pompa,

266 2163 339 2223 Quas
351 2165 439 2228 potuit
449 2163 514 2213 belli
523 2163 621 2215 iacies!
640 2166 676 2214 Ut
686 2164 793 2214 vincula
802 2160 907 2221 Rheno,

265 2232 429 2298 Oceanoque
442 2231 531 2283 daret!
552 2233 639 2283 celsos
650 2239 681 2282 ut
693 2231 781 2282 Galba
792 2245 886 2281 currus

264 2299 377 2362 Nobilis,
389 2307 417 2352 et
426 2300 503 2352 ilaris
514 2306 674 2368 sequeretur
685 2302 771 2350 mixta
782 2298 928 2350 Britannis.

262 2369 386 2420 Perdidit
396 2387 412 2422 o
424 2371 530 2439 qualem
540 2369 672 2421 vincendo
684 2369 762 2437 plura
772 2365 951 2432 triumphum!

219 2439 253 2487 80
264 2437 325 2489 Non
335 2438 409 2490 illum
419 2440 500 2492 laetis
511 2440 654 2491 vadentem
666 2438 789 2489 coetibus
800 2435 891 2498 urbes,

263 2506 317 2558 Sed
327 2511 429 2560 tacitae
441 2510 534 2562 videre
544 2517 626 2560 metu.
656 2506 718 2559 Nou
730 2506 851 2558 constitit
861 2520 948 2572 usqua

263 2577 351 2626 Obvia
360 2580 441 2630 turba
451 2580 521 2630 duci.
559 2579 668 2630 Gaudet
677 2583 768 2628 tamen
780 2590 839 2627 csse
849 2576 942 2626 timori

262 2647 331 2695 Tam
345 2662 444 2716 magno
455 2649 571 2719 papulis,
584 2654 612 2700 et
623 2665 652 2700 se
663 2664 718 2699 non
727 2647 820 2698 mallet
832 2645 924 2695 ausari.
