1956 3106
216 149 502 203 aurasium.
539 152 697 225 siaiu
789 152 822 202 aa

88 273 170 324 Haud
177 272 334 338 trepidante
346 278 438 322 tamen
449 277 509 321 toto
521 287 582 322 cum
592 273 711 336 pondere
728 271 825 322 dextro

88 344 213 408 Exegere
225 355 312 392 enses.
340 340 433 390 Pietas
444 339 603 390 ferientibus
614 355 676 400 una,
834 338 884 390 565

89 410 150 461 Non
161 411 302 476 repetisse,
313 407 373 458 fuit.
401 409 458 458 lam
469 409 531 458 latis
541 410 647 458 viscera
657 409 734 474 lapsa

91 479 267 530 Semianimes
277 485 387 527 traxere
398 476 473 540 ioris,
484 477 651 544 multumque
663 479 766 528 cruoris

90 547 216 598 Infudere
227 548 304 597 mari.
323 546 611 611 Despectamcorncre
623 546 720 608 lucem,

90 618 271 682 Victoresque
282 630 345 665 suos
358 616 433 666 vultu
444 621 568 680 spectare
579 610 706 682 superbo,

90 688 126 736 Et
136 691 253 736 mortem
264 685 457 736 sentireeiuvat.
487 685 544 735 lam
555 691 647 752 strage
659 689 772 736 cruenta
836 684 886 733 510

92 755 263 820 Conspicitur
273 753 409 804 cumulata
419 754 500 803 ratis:
517 752 657 821 bustisque
668 755 809 807 remittunt

92 826 216 891 Corpora
225 825 353 884 victores,
365 822 478 872 ducibus
489 822 656 886 mirantibus,
668 823 714 874 ulli

91 895 160 943 Esse
170 893 267 943 ducem
277 893 355 942 tanti.
374 889 481 941 Nullam
493 892 595 950 maiore
607 893 699 942 locuta
711 897 752 943 est

92 964 147 1012 Ore
159 968 247 1012 ratem
257 967 347 1011 totum
358 961 512 1010 discurrens
521 959 596 1011 fama
606 976 655 1026 per
667 961 768 1012 orbem.

92 1030 153 1081 Non
164 1037 255 1082 tamen
266 1032 381 1098 ignavae
392 1026 534 1093 posthaec
546 1031 670 1095 exempla
679 1032 798 1080 virorum
839 1029 889 1080 515

75 1122 77 1126 ’
92 1101 250 1166 Percipient
258 1105 363 1165 gentes,
376 1098 503 1164 quamsit
514 1112 568 1146 nou
579 1098 664 1147 ardua
675 1100 760 1148 virtus

93 1169 238 1220 Servitium
250 1167 351 1234 fugisse
363 1181 453 1217 manu.
483 1162 537 1215 Sed
548 1181 633 1234 regna
642 1167 771 1217 timentur

93 1239 135 1288 ob
147 1236 259 1296 sermm,
272 1237 399 1285 ctsaevis
409 1234 521 1284 libertas
532 1237 620 1285 uritur
631 1237 727 1285 armis:

92 1310 258 1373 Ignoratque
269 1305 357 1365 datos,
368 1318 402 1353 ne
414 1304 554 1372 quisquam
564 1306 772 1367 serviatpenses.

93 1377 180 1435 Mors,
192 1374 295 1423 utinam
305 1373 419 1439 pavidos
429 1374 502 1423 vitae
514 1373 665 1424 subducere
675 1373 770 1437 nolles,
841 1375 892 1425 580

95 1443 149 1494 Sed
161 1444 245 1492 virtus
255 1447 283 1493 te
295 1443 354 1493 sola
364 1440 455 1498 daret!

463 1511 524 1562 Non
537 1514 645 1580 segnior
655 1513 701 1565 illo

91 1582 183 1634 Marte
194 1579 255 1643 fuit,
268 1585 313 1648 qui
325 1589 390 1632 tunc
402 1582 518 1648 Libycis
529 1584 631 1634 exarsit
640 1584 668 1632 in
681 1586 760 1636 arvis.

92 1651 215 1718 Namque
226 1659 299 1702 rates
311 1653 399 1703 audax
411 1653 544 1718 Lilybaeo
556 1653 727 1704 litore-solvit

94 1723 188 1771 Curio:
206 1736 255 1771 nec
267 1721 331 1772 forti
343 1721 410 1772 velis
422 1723 552 1789 Aquilone
563 1728 675 1787 recepto
931 1769 935 1777 ,

93 1792 168 1841 lnter
179 1792 322 1841 semirutas
334 1807 449 1857 magnae
463 1790 633 1858 Carthaginis
646 1806 732 1854 arces,
840 1791 892 1840 585

93 1861 131 1910 Et
141 1860 279 1923 Clupeam,
291 1861 379 1910 tenuit
389 1861 514 1910 stationis
526 1860 608 1910 litora
620 1866 716 1911 notae:

92 1929 239 1993 Primaque
247 1928 415 1977 castralocat
427 1945 494 1979 cano
507 1929 602 1993 procul
611 1944 738 1996 aequore,
746 1945 799 1997 qua
808 1943 837 1978 sc

93 1997 223 2062 Bagrada
233 1997 320 2046 lentus
333 1998 397 2062 agit,
410 1999 498 2047 siccae
510 1998 630 2048 sulcator
642 2014 749 2049 arenae.

94 2066 160 2117 lnde
174 2067 240 2130 petit
253 2065 379 2126 tumulos,
391 2080 539 2133 exesasque
551 2067 668 2133 undique
680 2082 770 2133 rupes,

93 2137 189 2185 Antaei
200 2149 269 2200 quae
281 2148 366 2200 regna
376 2139 459 2182 vocat
470 2150 523 2183 non
533 2150 603 2184 vana
613 2143 743 2185 vetustas.
841 2133 892 2184 590

94 2204 217 2255 Nominis
229 2204 332 2270 antiqui
343 2204 495 2267 cupientem
508 2218 621 2253 noscere
634 2218 753 2263 caussas,

95 2275 212 2340 Cognita
224 2288 273 2338 per
283 2272 382 2322 multos
393 2272 486 2326 docuit
496 2272 571 2322 rudis
580 2272 671 2322 incola
681 2278 780 2338 patres.

95 2342 222 2396 Nondum
232 2352 295 2410 post
303 2341 411 2409 genitor
424 2340 513 2393 Tellus
525 2339 608 2409 effeto
616 2342 753 2410 gigantes,

99 2412 253 2464 Terribilem
265 2411 372 2479 Libyeis
382 2420 490 2477 portum
501 2409 622 2476 concepit
630 2411 658 2462 in
669 2411 764 2463 antris.

95 2481 152 2532 Nee
164 2490 221 2530 lom
231 2481 301 2532 iusto
308 2480 370 2550 fult
382 2490 519 2532 terrorum
527 2480 620 2548 gloria
635 2479 753 2549 Typhon,
838 2479 890 2532 595

96 2552 151 2600 :lul
167 2547 263 2616 Tityus
270 2547 452 2615 Briareusque
454 2550 554 2620 ferox:
566 2552 688 2617 coeloque
696 2547 827 2617 pepercit,

98 2619 177 2682 Quod
186 2634 237 2669 non
249 2617 408 2688 Phlegraeis
420 2621 554 2671 Aulaeum
565 2620 675 2671 erretullt
687 2619 767 2670 areis.

96 2689 156 2739 Hoc
168 2704 269 2754 quoque
280 2696 334 2740 tam
346 2699 436 2741 costae
448 2689 594 2743 calculavit
604 2705 712 2810 toquere
723 2689 792 2740 eires

665 2761 680 2809 2
