1956 3106
103 206 106 211 .
152 160 200 210 lot
322 159 359 209 Μ.
396 156 498 208 ΑΝΝ.
535 157 713 208 Luculli

152 278 331 344 (tonrpellunq
342 276 481 327 hominum
493 277 560 325 ritus
573 283 603 325 ot
614 283 704 326 serret
714 278 741 327 in
753 274 859 329 hostes.

152 347 205 398 Sed
217 349 338 399 meminit
348 346 466 396 nomlum
477 344 578 395 satiata
590 345 717 395 caedibus
728 346 779 405 ira,

153 417 230 466 Cives
242 431 301 467 esse
313 431 385 466 suos.
415 414 535 464 Petimus
547 428 600 463 non
612 414 717 481 singula
727 413 818 475 busta,

155 486 348 552 Discretosque
360 498 454 550 rogos:
473 497 554 531 unum
567 481 738 549 degentibus
749 482 856 550 ignens:

93 553 144 602 805
156 554 216 604 Non
228 554 394 618 interpositis
405 556 518 601 urantur
530 565 648 615 corpora
659 550 784 602 flammis.

153 625 205 673 Aut
215 623 309 690 generi
320 623 341 671 si
355 634 443 686 poena
454 621 537 681 iuvat,
549 634 643 670 nemus
655 625 765 671 exstrue
777 618 872 671 Prion

155 693 235 758 Erige
248 696 392 757 congestas
404 690 509 739 Oetaeo
523 687 620 738 robore
633 688 722 749 silvas,

154 758 340 809 Thessalicam
357 758 448 807 rideat
465 757 610 822 Pompeius
626 757 659 806 ab
676 771 797 824 aequore
815 756 890 809 llam·

624 840 704 875 mam.

154 895 197 945 Nil
209 896 266 962 egis
277 893 329 945 hae
340 896 394 944 ira:
416 895 529 944 tabesne
541 894 676 945 cadavera
685 895 784 957 solvat,

93 966 143 1013 810
154 967 192 1014 An
204 979 294 1030 rogus,
306 963 377 1013 haud
391 962 488 1013 refert:
508 962 615 1028 placido
626 969 725 1013 natura
736 971 865 1030 receptat
892 974 897 983 '

153 1034 337 1095 Cunctorum,
348 1033 482 1098 finemque
494 1033 534 1081 sui
545 1032 593 1082 sibi
607 1047 724 1097 corpora
734 1031 847 1084 debent.

154 1104 221 1163 llos,
235 1104 344 1163 Caesar,
358 1101 472 1168 populos
483 1102 505 1150 si
519 1116 588 1150 nunc
600 1115 652 1150 non
665 1102 765 1151 usserit
775 1103 857 1169 ignis,

154 1175 219 1222 Uret
231 1187 291 1221 eum
303 1171 392 1232 terris,
404 1175 465 1219 uret
477 1185 538 1219 cum
549 1171 656 1236 gurgite
667 1171 754 1236 ponti.

154 1242 307 1290 Communis
317 1240 417 1289 mundo
430 1243 554 1305 superest
565 1253 656 1304 rogus,
669 1238 777 1290 ossibus
787 1246 866 1291 astra

92 1310 142 1359 815
155 1310 298 1359 Mixturus.
329 1309 506 1374 Quocumque
518 1314 592 1356 tuam
605 1308 726 1358 Fortuna
738 1308 862 1370 vocabit,

153 1380 213 1428 Hae
227 1392 334 1445 quoque
346 1377 531 1427 eontanimae.
551 1375 889 1441 Nonaltiusibisineurus,

152 1446 213 1496 Non
224 1447 336 1497 meliore
348 1445 409 1494 loco
422 1444 519 1511 Stygia
529 1445 578 1494 sub
590 1451 671 1496 nocte
683 1445 796 1497 iacebis.

152 1514 254 1565 Libera
263 1515 402 1564 Fortunae
416 1529 488 1563 mors
500 1519 554 1563 est:
566 1515 640 1579 capit
650 1513 741 1564 omnia
751 1514 834 1565 tellus

154 1583 229 1642 Quae
240 1583 347 1649 genuit:
367 1581 445 1631 coelo
457 1582 567 1699 teqitur,
578 1584 621 1648 qui
633 1581 887 1635 nonhabeturnuut
902 1588 907 1597 “

92 1652 206 1712 820'1'n,
220 1652 262 1702 eui
274 1651 339 1701 dant
349 1665 452 1715 poenas
462 1651 488 1700 in
509 1658 602 1702 ornato
615 1651 709 1703 funere
720 1658 828 1719 gentes,

154 1721 223 1782 Quid
242 1719 313 1788 fugis
336 1719 405 1769 hane
427 1718 548 1769 claleml
574 1721 636 1788 quid
661 1721 765 1825 oleqtes
786 1721 890 1773 deseris

659 1805 719 1841 ros.

151 1860 210 1909 Has
222 1856 525 1925 trahe‚Caesar‚aquas:
536 1805 797 1925 honsiztgotesnrtere
803 1860 890 1913 coelo.

153 1927 206 1978 Sed
220 1927 268 1976 tibi
279 1927 404 1978 tabentes
416 1928 505 1995 populi
518 1926 676 1980 Pharsalica
686 1944 750 1979 rure

151 1997 285 2061 Eripiunt,
298 2011 461 2063 camposque
474 2003 568 2047 tenent
577 1998 681 2049 victore
693 1997 800 2066 fugato.

90 2067 142 2117 825
207 2064 267 2116 Non
279 2064 366 2116 solum
378 2066 522 2116 Haemonii
529 2065 638 2118 funesta
650 2068 684 2117 ad
696 2066 799 2133 pabulo
808 2067 872 2119 belli

152 2136 266 2186 Bistonii
279 2149 377 2185 venere
389 2134 453 2201 lupi,
464 2135 607 2202 tabemque
618 2143 747 2187 eruentae

153 2204 249 2254 Caedis
263 2203 370 2254 odorati
381 2201 502 2255 Pholoen
515 2204 616 2271 liquere
629 2206 728 2256 leones.

152 2274 230 2323 Tune
240 2274 296 2322 ursi
307 2272 433 2334 latebras,
446 2272 574 2324 obscoeni
584 2283 660 2325 tecta
671 2273 824 2343 domosque

151 2342 306 2394 Deseruere
316 2355 406 2403 canes,
420 2347 448 2392 et
459 2341 586 2410 quidquid
600 2359 664 2394 nore
675 2343 770 2412 sagaci

91 2408 143 2461 830
151 2413 222 2462 Aera
232 2426 287 2462 non
297 2425 401 2473 sanum,
413 2417 569 2479 motumque
581 2413 713 2464 cadavere
724 2414 819 2465 sensit.
913 2440 917 2447 ·

151 2480 262 2547 lamque
273 2479 319 2530 diu
331 2479 455 2531 volucres
467 2481 555 2532 civilia
567 2489 658 2532 castra
667 2487 780 2534 secutae
914 2476 919 2487 ⁴

153 2549 329 2600 Conveniunt.
357 2547 424 2612 Vos,
436 2564 504 2617 quae
515 2550 576 2602 Nilo
587 2557 693 2602 mutare
705 2550 802 2602 soletis

152 2613 295 2667 Threicias
306 2614 429 2681 hyemes,
442 2619 476 2669 ad
488 2619 594 2670 mollem
605 2621 691 2670 serius
702 2625 825 2671 austrum

151 2685 223 2748 lstis,
237 2699 308 2734 ares.
339 2685 488 2754 Numquam
501 2696 575 2738 tanto
588 2702 616 2738 se
628 2689 733 2740 vulture
745 2689 855 2740 coelum
918 2734 923 2755 Ι,
