1956 3106
219 205 705 259 1‘1llltSALl.l.LlB.lll.
795 208 830 258 41

148 327 259 393 lamque
280 332 308 377 et
330 327 495 392 praecipites
520 330 697 391 superaverat
720 328 832 382 Anxuris

571 408 658 455 arces,

94 466 133 515 Et
145 479 198 532 qna
208 463 339 515 Pontinas
350 464 394 512 via
407 462 502 512 dividit
513 462 568 512 uda
578 462 700 529 paludes,
859 465 897 517 85

95 535 159 596 Qua
168 533 391 591 sublimaremus,
404 529 611 598 Scythicaeque
623 533 831 599 regnallianae;

96 600 830 670 QuaqueiterestLatiisadsummamiascibusrilbanu

93 671 215 723 Excelsa
225 671 259 721 (le
270 685 337 736 rupe
348 669 442 735 procul
453 671 507 719 iam
519 671 652 736 prospicit
661 669 766 734 urbem,

94 740 189 790 Arctoi
201 746 261 790 toto
271 754 325 791 non
337 740 422 789 risam
432 745 556 804 tempore
568 738 644 790 belli:

93 809 265 877 Miraturque
276 823 351 869 suae,
363 807 494 869 eiciatur,
506 809 615 858 moenia
624 808 744 859 Romae:
859 809 893 861 00

97 876 180 938 Tene,
191 878 267 929 eleum
277 879 362 940 ceder,
373 894 426 929 nou
438 879 491 928 ullo
505 875 597 928 Marte
610 877 699 929 coacti

92 941 247 998 Deseruere
259 946 332 998 oiri?
350 947 407 998 Pro
420 962 473 1013 qua
482 945 651 1014 pugnabitur
663 946 745 998 urbe?

92 1013 149 1078 Di,
170 1016 273 1078 melius,
286 1017 356 1083 quod
365 1033 417 1067 uou
428 1015 528 1066 Latiae
540 1013 613 1066 Eous
624 1015 653 1067 in
664 1032 726 1067 orae

92 1082 172 1137 Nurac
178 1089 264 1157 furor
277 1084 407 1145 incubuit,
418 1101 465 1136 uec
476 1084 568 1133 iuncto
580 1083 709 1135 Sarmata
719 1087 804 1137 uelox,
861 1136 866 1145 ,

92 1151 249 1214 Pannonio,
261 1153 398 1218 Daciaque
412 1154 493 1204 Getes
504 1152 658 1203 admixtus:
670 1151 778 1204 labenti
859 1154 893 1205 95

96 1220 834 1289 Tempaniumrior,Rauen,deecanFortunapeperciu

94 1289 177 1356 Quod
187 1292 280 1342 bellum
292 1290 370 1341 civile
376 1289 447 1359 suit.
469 1287 514 1338 Sic
525 1289 607 1350 latur,
620 1295 648 1339 et
658 1289 753 1339 urbem

91 1361 252 1412 Adtonitam
263 1364 370 1408 terrore
380 1359 460 1408 subit.
479 1357 602 1425 Namque
613 1358 720 1424 ignibus
733 1359 799 1410 atris

94 1427 232 1489 Creditur,
243 1433 274 1478 ut
286 1432 392 1493 captae,
404 1432 532 1494 rapturus
542 1429 651 1477 moenia
661 1427 774 1492 Romae,

92 1495 298 1565 Sparsurusque
310 1496 385 1548 deos.
404 1497 467 1547 Fuit
481 1494 550 1547 haee
560 1511 688 1547 mensura
700 1499 820 1550 timoris:
840 1501 892 1550 100

93 1566 172 1618 Velle
190 1571 299 1633 putant,
320 1580 506 1634 quaecumque
523 1571 623 1685 potfest.
660 1565 722 1618 Non
740 1569 830 1619 omina

579 1642 647 1697 esta,

91 1703 154 1756 Non
165 1706 251 1755 rictas
262 1704 335 1756 laeto
347 1719 429 1755 voees
442 1701 569 1755 simulare
578 1705 709 1755 tumultu:

90 1774 147 1824 Vix
160 1774 250 1824 odisse
261 1781 349 1825 vacat.
369 1773 499 1825 Phoebea
509 1773 612 1839 palatia
622 1774 741 1840 complet

92 1842 189 1892 Turba
198 1841 320 1904 Petrum,
332 1842 405 1893 nullo
416 1843 531 1909 eogendi
542 1843 601 1893 iure
613 1850 732 1904 senatus,

91 1912 115 1962 E
128 1911 239 1961 latebris
252 1913 351 1961 educta
362 1913 425 1961 suis.
444 1910 505 1961 Non
518 1912 628 1962 consule
640 1926 735 1962 sacrae
839 1913 892 1962 105

91 1980 239 2030 Fulserunt
249 1980 340 2030 sedes:
352 1995 405 2029 non
415 1981 540 2046 proxima
550 1980 610 2048 lcge
622 1987 745 2048 potestas

90 2048 212 2100 Praetor
222 2047 312 2098 adest:
325 2063 480 2114 vacuaeque
491 2048 553 2099 loco
567 2065 674 2101 cessere
685 2049 801 2101 curules.

93 2119 193 2169 Omnia
205 2119 306 2169 Caesar
316 2120 384 2166 erat.
402 2115 529 2167 Privatae
541 2120 617 2169 curia
625 2120 701 2169 vocis

93 2189 186 2238 'sestis
198 2187 283 2237 adest.
306 2184 409 2236 Sedere
421 2185 526 2247 Patres,
539 2201 650 2237 censere
663 2188 761 2254 parati,

93 2255 123 2306 Si
134 2272 256 2325 regnum,
270 2257 291 2305 si
303 2253 406 2320 templa
417 2253 477 2314 sibi,
488 2255 662 2322 iugulumque
673 2261 792 2319 senatus,
839 2257 890 2305 110

92 2323 278 2394 Exsiliumque
290 2330 375 2390 petat.
394 2323 501 2383 Melius,
513 2324 585 2389 quod
598 2324 675 2389 plura
685 2325 778 2375 iubere

92 2394 218 2457 Erubuit,
231 2410 309 2462 quam
322 2395 410 2444 Roma
420 2393 484 2458 pati.
504 2393 609 2443 Tamen
620 2395 677 2444 exit
685 2395 801 2456 iri-iram,

94 2463 203 2514 Viribus
215 2479 248 2514 an
259 2469 372 2530 possent
383 2462 517 2513 obsistere
527 2464 596 2524 iura,
608 2477 749 2528 perunum

90 2531 220 2582 Libertas
232 2538 346 2600 experta
355 2534 455 2582 virum:
467 2546 629 2599 pugnaxque
639 2532 766 2583 Metellus

90 2601 128 2651 Ut
138 2600 213 2650 ridet
222 2602 323 2669 ingenti
336 2600 464 2652 Saturnia
473 2601 575 2667 templu
586 2602 678 2652 revelli
836 2602 888 2653 115

89 2669 174 2731 Mola,
186 2672 257 2736 rapit
269 2686 386 2737 gressus,
398 2676 434 2730 et,
442 2671 565 2721 Caesaris
578 2672 827 2738 agmiinnrumpens,

48 2784 53 2792 .
88 2741 159 2790 Ante
170 2739 243 2789 iores
254 2740 370 2789 nondum
384 2746 522 2790 reseratae
535 2742 656 2792 crrnstitit
667 2742 750 2792 aedis.
