1956 3106
151 152 202 202 184
324 148 361 197 Μ.
397 146 498 198 ANN.
534 148 714 201 Lucam

152 265 450 321 Distrahimurmiseri.
469 265 758 335 Poterasnoafleetere
763 269 893 337 puppim,

155 337 221 389 Cane
227 337 350 417 fugeres,
363 338 425 398 atio,
437 336 597 401 latebrisque
608 337 758 403 relinquere
770 338 862 401 Lesbi,

152 405 282 459 tissimum
296 422 313 456 a
323 406 405 456 terris
417 406 440 455 si
450 422 497 456 aas
508 421 601 456 arcere
611 406 738 472 paradas.

152 477 194 528 ,ia
211 484 317 527 tantiam
331 474 360 526 ia
369 472 474 542 fluetus
489 477 583 541 piaceo
600 477 703 593 cepaea?
729 477 809 527 Haec
824 476 872 529 ubi

316 570 321 577 ·
637 550 728 596 rastra

91 614 141 665 500
153 613 266 676 Effudit,
279 614 365 679 prima
375 611 476 677 pandet
486 619 576 662 tannen
588 614 668 662 anxia
679 629 783 681 puppe:

150 684 328 748 Attonitoque
341 688 414 730 metu
425 695 475 730 nec
488 696 623 748 quoquam
636 688 759 733 avertere
770 684 853 744 risus,

150 752 209 803 Nec
220 752 350 817 Magnum
360 754 486 815 spectare
497 755 597 815 potest.
609 748 691 800 Stetit
702 752 782 801 anxia
793 750 892 802 classis·

151 821 190 871 Ad
202 820 278 869 ducis
290 824 424 878 eventum,
435 823 559 868 metuens
570 834 623 868 non
636 834 720 881 arma,
732 817 879 887 nefasque,

151 889 205 939 Sed
217 903 251 937 ne
263 887 403 938 submissis
413 887 539 952 precibus
549 887 696 953 Pompeius
707 888 805 939 adoret

89 960 140 1011 595
152 957 269 1024 Sceptra
278 972 328 1006 sua
338 956 440 1005 donata
450 971 538 1005 manu.
559 957 689 1007 Transire
700 963 842 1023 parantem

150 1028 288 1077 Romanus
299 1023 401 1076 Pharia
410 1024 487 1074 miles
499 1024 532 1074 de
544 1039 634 1091 puppe
644 1025 746 1075 salutat
795 1032 799 1039 '

151 1096 311 1162 Septimius:
324 1095 378 1161 qui,
386 1109 436 1160 pro
448 1093 684 1160 superumpudor,
696 1094 896 1145 armasatelles-

46 1174 54 1189 ·
150 1165 237 1233 Regia
247 1163 376 1231 gestabat
385 1165 475 1229 posito
487 1161 621 1213 deformia
630 1162 698 1229 pilo:

150 1235 287 1293 Immanis,
299 1231 443 1294 violentus,
455 1237 544 1293 atrox,
555 1232 680 1298 nullaque
690 1229 810 1282 ferarum

89 1303 141 1359 000
147 1304 241 1353 Mitior
251 1302 279 1351 in
291 1301 398 1352 caedes.
417 1302 484 1361 Quis
496 1316 559 1363 non,
570 1302 700 1362 Fortuna,
712 1305 837 1367 putasset

150 1372 268 1422 Parcere
293 1374 321 1420 te
337 1370 453 1436 papulis,
470 1370 542 1436 quod
556 1369 627 1419 bello
644 1366 713 1419 haec
729 1368 828 1420 dextra
843 1386 892 1421 ra·

626 1443 723 1499 cesset,

152 1506 348 1572 'l'hessaliaque
361 1506 456 1571 procul
467 1511 524 1555 tam
535 1506 618 1557 noxia
629 1506 685 1557 tela
694 1505 838 1573 fugasses?

151 1575 279 1641 Disponis
290 1574 405 1639 gladios,
416 1589 451 1623 ne
464 1589 516 1639 quo
528 1590 581 1624 non
592 1575 640 1624 tiat
650 1576 676 1625 in
690 1575 764 1637 orbe,

152 1644 222 1704 ileu,
233 1641 339 1691 facinus
352 1642 429 1691 civile
442 1642 498 1691 tibi.
518 1643 543 1693 V
543 1643 676 1694 ictoribus
687 1645 753 1710 ipsis

90 1715 140 1765 605
152 1711 289 1773 Dedecus,
302 1715 330 1759 et
339 1726 485 1776 numquam
497 1727 624 1776 superam
638 1715 758 1763 caritura
767 1712 877 1780 pudore

150 1783 172 1833 F
175 1780 268 1843 abula3
287 1779 426 1830 Romanus
438 1782 496 1847 regi
508 1782 547 1830 sic
558 1783 649 1847 paruit
659 1783 739 1843 ensis,

150 1850 330 1916 Pellaeusque
341 1864 409 1914 puer
418 1849 509 1916 gladio
521 1849 568 1899 tibi
581 1851 651 1901 colla
660 1851 766 1913 recidit,

150 1921 261 1986 Magne,
273 1924 330 1967 tuo.
360 1919 420 1978 Qua
431 1920 578 1984 posteritas
587 1920 615 1969 in
625 1920 736 1971 saecula
746 1922 839 1973 mittet

153 1986 312 2052 Septimium
323 1985 413 2036 iamai
432 1988 520 2038 scelus
530 1986 583 2038 hoe
595 2004 648 2056 quo
659 1991 767 2040 nomine
778 1991 886 2053 dicent,

90 2056 141 2108 010
153 2057 205 2116 Qui
216 2056 294 2105 Bruti
307 2056 400 2106 dixere
410 2055 506 2107 neiast
524 2059 583 2106 lam
593 2064 706 2108 venerat
717 2056 801 2110 horae

151 2125 295 2175 Terminus
316 2132 470 2188 extremae,
492 2123 673 2194 Phariamque
698 2127 805 2179 ablatus
826 2130 854 2179 in

626 2196 715 2246 alnum

151 2261 313 2312 Perdiderat
323 2263 377 2310 iam
388 2264 448 2312 iura
460 2264 509 2313 sui.
530 2266 608 2313 Tunc
619 2265 753 2331 stringere
763 2263 867 2315 ferrum

150 2330 236 2399 Regia
247 2336 368 2380 monstra
379 2338 484 2396 parant.
514 2333 551 2383 Ut
561 2333 628 2382 vidit
640 2334 789 2383 comminus
800 2347 895 2397 enses,

151 2399 266 2449 involat
277 2398 375 2461 vultrrs,
388 2405 478 2467 atque,
489 2401 644 2467 indignatus
656 2408 781 2467 apertum

89 2468 140 2519 615
151 2470 290 2518 Fortunae
302 2474 442 2533 praestare
453 2475 544 2535 caput,
555 2476 619 2519 tune
630 2470 733 2520 lumina
743 2470 854 2536 pressit,

152 2537 343 2603 Continuitque
356 2538 481 2597 animam,
492 2553 526 2587 ne
538 2553 604 2605 quas
614 2538 753 2589 offundere
764 2554 849 2590 voees

150 2606 258 2665 Posset,
270 2611 298 2654 et
309 2612 447 2656 aetermam
458 2605 522 2656 iletu
536 2621 709 2673 eorrumpere
721 2607 832 2658 ianuam.

150 2676 185 2723 At
198 2679 340 2739 postquam
353 2690 482 2724 nrrrcrone
493 2675 564 2724 latus
577 2675 699 2725 funestus
712 2675 831 2727 sciridas
