1950 3218
226 153 510 220 rirnnsn'urs.
548 170 636 221 nin.
666 173 700 224 v.
777 174 828 226 aaa

92 292 131 342 Et
140 291 229 341 laetae
240 291 365 340 iurantur
375 303 452 349 aves,
464 289 572 338 bubone
583 291 700 344 sinistro.

91 360 160 410 lnde
172 360 243 425 perit
254 361 369 424 primunr
380 357 517 424 quondam
528 359 682 410 veneranda
696 367 820 427 potestas

93 430 162 479 luris
172 429 266 493 inops:
287 432 381 476 carcat
391 432 497 476 tanturn
509 441 542 476 ne
554 428 662 477 nemine
672 435 788 496 tempus,

92 499 250 549 Menstruus
260 497 288 546 in
300 495 387 546 instas
399 495 541 562 distinguit
551 496 662 546 saecula
673 499 774 558 consul.

91 565 152 617 Nec
162 580 217 616 nen
226 565 327 615 Iliacae
339 579 435 614 numen
448 565 519 632 quod
532 565 670 630 praesidet
679 567 772 628 Albae,
838 570 890 618 400

93 635 177 686 Haud
189 636 314 685 meritum
324 634 407 685 Latio
419 634 560 684 sollemnia
570 650 650 684 sacra
660 636 784 698 subacta,

94 705 171 756 Vidit
180 702 342 754 flammifera
351 702 493 754 coniectas
506 709 586 753 nnete
597 703 720 755 Latinas.

147 773 213 823 lnde
223 774 296 839 rapit
308 789 411 834 cursus,
424 778 459 834 et,
471 787 541 838 quae
547 774 624 838 piger
634 775 753 840 Appulus
765 789 832 824 arva

92 843 224 893 Deseruit
234 843 343 902 rastris,
355 847 383 892 et
392 842 473 891 inerti
484 841 596 891 tradidit
608 841 724 907 herbae,

88 912 178 962 ·0cier
191 918 219 961 ct
233 911 303 961 coeli
317 910 433 961 flammis
451 916 479 960 et
488 910 588 977 tigride
599 911 676 963 faeta
838 910 891 962 405

89 981 282 1045 Transcurrit:
305 981 432 1045 cunique
444 986 539 1030 tenens
550 981 657 1032 Minoia
666 988 741 1033 tecta

92 1050 246 1112 Brundisii,
260 1049 367 1100 clausas
378 1049 466 1099 ventis
477 1048 645 1100 brumalibus
651 1052 738 1101 undas

92 1121 212 1177 Invenit,
223 1124 252 1168 et
262 1118 375 1185 pavidas
387 1116 502 1167 hiberna
512 1117 600 1168 sidere
613 1118 722 1170 classes.

88 1190 187 1254 Turpe
198 1187 261 1238 duci
269 1189 369 1249 risum,
380 1185 504 1253 rapiendi
514 1192 641 1252 tempora
650 1188 714 1238 belli

92 1259 124 1308 ln
136 1271 233 1324 segnes
244 1258 333 1307 exisse
344 1272 449 1317 maras,
461 1261 597 1322 portuque
608 1258 704 1318 teneri,
842 1257 893 1306 440

93 1329 162 1377 Cum
173 1331 268 1392 pateat
278 1332 364 1376 tutum
377 1326 419 1375 vel
429 1341 482 1375 nun
495 1324 620 1376 felicibus
632 1341 743 1393 nequer.

92 1396 231 1461 Expertes
242 1397 347 1446 animos
358 1396 448 1462 pelagi
459 1397 499 1446 sie
510 1395 611 1446 robore
624 1397 756 1462 complet:
814 1435 817 1442 ,

93 1463 205 1516 Fortius
218 1464 321 1516 hiberni
324 1463 414 1533 flatus
425 1467 577 1531 coelumque
582 1467 752 1534 fretumque,

93 1533 161 1586 Cum
172 1551 293 1602 coepere,
307 1545 406 1598 tenent,
416 1551 495 1601 quarn
507 1552 571 1602 puae
581 1535 733 1588 incumbere
745 1542 832 1590 certet

95 1603 204 1672 Perfida
216 1604 336 1676 nubiferi
345 1614 421 1657 aetat
430 1605 613 1657 inconstantia
626 1605 705 1657 aeris.
842 1603 893 1655 415

92 1672 150 1726 Nec
161 1674 246 1725 maris
258 1674 417 1742 anfractus,
429 1676 623 1742 lustrandaque
635 1676 719 1727 litora
730 1675 813 1737 nolis,

96 1744 151 1795 Sed
159 1742 352 1811 reatifluctus,
363 1746 469 1810 teleptae
480 1744 610 1811 Aquilone
622 1746 738 1797 secandi.

97 1814 154 1864 Hic
164 1813 268 1864 retinam
281 1814 376 1864 summi
386 1823 479 1866 curvet
491 1814 629 1867 carchesia
642 1815 719 1876 azali,

96 1883 404 1954 incumbatquefurena,
416 1892 442 1935 et
456 1884 546 1936 Graia
557 1885 594 1935 ad
604 1884 708 1941 maenia
718 1881 826 1952 perflet,

99 1952 140 2003 Ne
152 1951 311 2018 Pompeiani
323 1952 475 2005 Phaeacum
487 1972 500 2005 e
512 1955 591 2005 litore
602 1962 659 2006 tata
844 1949 897 2001 42⁰

96 2022 245 2091 Languida
255 2022 367 2072 iactatis
380 2025 570 2089 comprendant
581 2023 695 2075 carbasa
706 2021 800 2073 remia.-

97 2091 242 2158 Rumpite,
254 2106 322 2156 quae
331 2092 450 2144 retinent
460 2092 665 2159 felicesaincula
673 2104 783 2158 prorae.

98 2161 256 2213 Iamdudum
269 2160 350 2211 nuder
363 2170 389 2210 et
400 2177 492 2211 saeuas
498 2161 637 2228 perdimus
649 2161 743 2211 undas.

153 2229 250 2281 Sidera
260 2232 347 2297 prima
359 2230 423 2296 pali,
436 2228 549 2280 Phoebe
562 2230 671 2281 labente
682 2228 732 2280 sub
741 2227 837 2291 undas,

97 2302 245 2362 Exierant,
257 2305 285 2351 et
294 2299 358 2350 luna
368 2315 432 2350 suas
442 2300 497 2349 inm
509 2298 615 2350 fecerat
624 2299 756 2350 umbras:³
846 2294 898 2348 425

98 2372 166 2420 Cura
178 2371 281 2437 pariter
291 2369 397 2420 solvere
409 2374 497 2430 rates,
510 2374 653 2435 tortosque
664 2367 792 2418 rudentes

99 2439 244 2490 liaxarere
254 2440 340 2489 sinus:
361 2444 388 2489 et
399 2437 470 2488 flexo
482 2439 574 2488 navita
586 2453 668 2488 cornu

100 2509 313 2576 Obliquatlaero
327 2508 396 2574 pede
409 2508 533 2570 carbasa,
545 2522 703 2575 summaque
716 2506 837 2572 pandens

99 2579 226 2645 Suppara
236 2578 357 2627 velerum
370 2578 505 2643 perituras
518 2577 622 2644 colligit
636 2593 725 2628 auras.

100 2650 136 2698 Ut
147 2649 262 2713 primum
274 2647 359 2698 levior
371 2646 522 2712 propellere
534 2646 618 2697 lintea
629 2656 726 2698 ventus
847 2642 900 2695 43⁰

99 2719 155 2768 lnri
161 2718 214 2782 pit,
226 2718 406 2784 exiguumque
417 2722 536 2778 tument,
548 2732 611 2766 nrnx
622 2717 731 2767 reddita
742 2714 814 2764 male
