1950 3218
154 169 205 221 no
326 165 753 233 111111111111111

154 291 190 339 [t
199 288 314 354 primum
326 289 434 354 sonipes
444 286 589 336 transfixus
601 293 716 351 pectora
725 284 799 337 ferro

156 359 183 406 ln
197 364 279 423 caput
290 356 368 407 effusi
381 356 498 405 calcarit
506 356 628 404 membra
638 356 769 421 regentis:

93 426 144 476 5311
157 427 251 475 (imnis
263 441 345 493 eques
353 427 435 474 cessit
446 425 558 489 campis,
569 424 774 490 glomerataque
784 424 873 491 pubes

155 496 185 543 ln
197 510 247 544 sua
257 495 395 544 conversis
408 507 540 558 praeceps
551 494 605 542 ruit
616 494 724 560 agmina
735 492 846 546 fraenis.

154 562 278 612 Perdidit
287 562 350 612 inde
361 561 472 610 modum
485 561 592 622 caedes,
605 576 637 611 ao
648 561 721 611 nulla
732 568 828 613 secuta
839 568 882 614 est

154 631 263 697 Pugna:
276 631 324 681 sed
335 628 510 699 hineiugulis,
520 627 741 680 binoferrobella
749 638 891 698 geruntur.

80 720 82 725 ·
155 696 891 767 Necvalethaecaciestantumprostemere,quantum

95 767 220 818 5351nae
232 769 320 832 perire
332 773 431 833 potest.
460 769 578 829 Utinam,
590 766 741 831 Pharsalia,
753 771 856 835 carnpis

156 835 279 886 Sufficiat
289 851 370 885 cruor
379 838 430 886 iste
442 838 504 897 tuis,
517 851 594 903 quem
606 836 724 886 barbara
733 836 851 888 fundunt

154 906 286 968 Pectora;
297 919 352 954 non
364 905 416 954 alio
428 911 567 955 mutentur
577 907 706 972 sanguine
719 903 819 970 fontes,

153 975 208 1024 llic
218 989 345 1024 numerus
357 980 432 1024 totos
442 974 492 1024 tibi
502 975 602 1024 vestiat
614 974 720 1025 ossibus
731 991 826 1043 agros:

152 1045 205 1093 Aut
216 1045 239 1094 si
251 1044 374 1094 Romano
387 1043 518 1110 compleri
527 1045 657 1110 sanguine
668 1042 763 1107 mavis,

91 1112 143 1163 540
153 1114 216 1163 lstis
227 1129 310 1180 parce
320 1129 432 1179 precor:
451 1114 544 1162 sirant
555 1111 733 1180 Galataeque,
745 1111 874 1183 Syrique‚

154 1183 339 1249 Cappadoces,
353 1182 486 1248 Gallique,
498 1183 666 1247 extremique
678 1182 751 1233 (ubis
762 1184 843 1246 lberl,

151 1253 278 1312 Armenii,
291 1251 399 1302 Cilices:
411 1267 472 1301 nam
484 1256 547 1317 post
560 1250 728 1301 ciriliabella

152 1322 206 1370 llic
217 1320 331 1387 populus
343 1321 481 1371 Romanus
493 1320 552 1369 erit.
573 1317 662 1369 Semel
673 1328 748 1370 ortus
759 1321 892 1375 inomnes

152 1391 177 1439 lt
188 1391 278 1451 timor,
290 1390 391 1439 effatis
404 1391 484 1439 datus
497 1395 538 1438 cst
551 1403 599 1454 pro
614 1389 729 1439 Caesare
740 1405 844 1441 cursus.

91 1458 141 1507 545
153 1459 272 1509 Ventum
284 1464 344 1508 erat
356 1458 390 1507 ad
401 1458 745 1525 roburlllagni,mediasque
753 1466 889 1513 catervas.

151 1527 231 1586 Quod
243 1532 318 1576 totos
328 1541 421 1577 errore
433 1541 503 1593 vago
514 1525 674 1591 perfuderat
685 1542 776 1594 agros,

152 1597 280 1644 Constitit
291 1593 336 1644 hic
346 1594 446 1643 bellum
453 1631 460 1655 ‚
477 1594 641 1662 fortunaque
654 1598 778 1647 Caesaris
789 1594 888 1651 haesit.

150 1662 207 1712 Illic
218 1678 271 1712 non
282 1678 377 1730 regum
389 1663 495 1713 auxiliis
508 1664 626 1714 collecta
633 1666 758 1716 iuventus
845 1682 847 1686 ·

149 1731 227 1782 Bella
237 1732 315 1799 gerit,
326 1731 482 1799 ferrumque
493 1748 589 1783 uranus
601 1748 709 1784 movere
720 1741 849 1801 rogatae:

90 1801 141 1851 550
151 1802 198 1852 llle
210 1802 286 1852 locus
296 1799 395 1852 fratres
404 1799 509 1864 habuit,
520 1801 597 1854 locus
607 1803 652 1854 ille
663 1809 798 1869 parentes.

150 1871 295 1932 Hiefuror,
306 1868 456 1932 bicrabies,
468 1870 513 1922 bic
521 1873 765 1937 sunttuacn‘mina,
779 1875 889 1927 Caesar.

151 1941 231 1990 Hanc
240 1940 312 2007 fuge,
324 1956 409 2002 mens,
420 1940 483 1991 belli
498 1948 612 2006 partem,
624 1942 796 2010 tenebrisque
808 1943 890 1995 relin-

627 2027 687 2077 que,

151 2078 284 2145 Nullaque
296 2084 433 2128 tantorum
445 2080 533 2129 discat
543 2095 586 2129 mo
598 2087 660 2130 vate
673 2081 815 2143 malorum,

152 2149 238 2208 Quam
251 2148 365 2198 multum
375 2149 452 2198 bellis
464 2148 545 2198 liceat
559 2149 688 2210 edulibus,
701 2155 785 2200 aetas.

90 2217 140 2266 555
152 2219 213 2267 llae
224 2219 315 2282 potius
328 2224 442 2284 pereant
454 2217 606 2283 lacrymae,
624 2224 790 2285 pereantque
803 2234 869 2286 que·

76 2290 79 2294 ’
583 2287 666 2338 relue.

151 2354 286 2422 Quidquid
297 2355 324 2404 in
335 2352 387 2404 hac
399 2356 457 2404 acie
468 2357 571 2423 gesisti‚
583 2355 678 2418 Roma,
689 2356 797 2406 tacebo.

150 2425 203 2473 Hic
216 2426 325 2485 Caesar,
337 2423 426 2474 rabies
437 2425 553 2491 populis,
564 2425 740 2492 stimulusque
752 2424 889 2489 furorum,

149 2491 189 2541 Nc
203 2508 256 2558 qua
266 2499 344 2558 parte
356 2493 396 2542 sui
407 2499 503 2559 pereat
515 2495 612 2556 scelus,
630 2495 737 2562 agmina
748 2496 852 2547 circum

149 2560 173 2608 lt
183 2575 277 2627 vagus,
289 2568 370 2628 atque
382 2564 477 2613 animis
486 2564 563 2629 ignes
576 2562 752 2630 flagrantibus
764 2564 841 2615 addit
846 2581 855 2630 ;

88 2628 138 2679 5611
149 2630 261 2695 Inspicit
273 2636 301 2679 et
310 2631 424 2696 gladios,
436 2632 479 2698 qui
493 2633 546 2681 toti
555 2635 684 2699 sanguine
694 2640 814 2696 manent,

149 2699 200 2759 Qui
212 2699 317 2749 niteant
328 2701 415 2763 primo
427 2705 531 2750 tantum
543 2716 672 2752 mucrone
684 2704 798 2763 cruenti,
