1956 3106
86 197 90 205 .
185 152 474 204 PHARSALIA.
510 153 601 204 LIB.
630 154 682 204 IX.
731 155 803 206 *sil

61 274 208 334 Malorum,
219 273 344 322 Fortuna
354 272 413 322 fuit.
444 273 511 333 Quis
520 274 611 325 Marte
623 275 752 337 secundo,

63 343 130 402 Quis
141 347 247 391 tantum
258 343 358 391 meruit
369 342 533 406 populorum
545 343 675 408 sanguine
685 343 802 394 nomeal

60 412 143 461 Hunc
159 426 209 478 ego
226 425 278 477 per
293 408 399 475 Syrtes,
422 409 584 477 Libyaeque
603 418 726 527 {strenia
742 413 790 462 tri-

536 495 581 529 um
621 495 667 529 um

60 550 170 600 Ducere
182 547 334 609 maluerim,
346 562 427 615 quam
437 553 481 598 ter
494 496 629 615 Capitoliia
637 564 719 600 curru

62 617 200 669 Scandere
216 618 355 682 Pompeii,
375 632 456 683 quam
472 617 600 736 lranglqre
619 618 690 668 colla
706 620 801 685 lugur-

536 693 609 738 tae.
812 687 862 737 000

60 759 134 807 Ecce
147 769 245 820 parens
256 770 337 804 verus
348 755 463 820 patriae,
476 755 648 822 dignissimus
661 759 724 818 aris,

59 828 156 886 Roma,
170 825 238 888 tuis3
256 838 305 890 per
316 839 396 890 quem
407 840 552 891 numquam
564 827 656 878 iurare
669 827 790 894 pudebit,

58 897 96 946 Et
106 909 196 961 quem,
207 895 230 944 si
241 894 352 944 steteris
363 909 490 960 umquam
503 896 609 946 cervice
621 897 720 959 soluta,

59 967 139 1015 'l'unc
151 963 215 1013 olim
225 962 335 1014 factura
346 963 437 1013 deum.
468 964 526 1013 Iam
537 966 650 1031 spissior
659 968 738 1033 ignis,

58 1035 95 1084 Et
105 1033 195 1101 plaga,
208 1049 261 1100 qua
272 1033 373 1082 nullam
384 1033 476 1098 superi
485 1034 646 1084 mortalibus
656 1035 729 1085 ultra
810 1037 861 1086 005

59 1107 80 1153 Α
91 1103 181 1153 medio
192 1101 285 1153 fecere
296 1102 350 1163 die,
363 1099 495 1164 calcatur,
507 1107 536 1152 et
546 1103 619 1152 unda

59 1173 165 1223 Rarior.
188 1173 320 1222 Inventus
330 1170 428 1220 mediis
440 1169 501 1222 fons
513 1188 583 1222 unus
595 1174 694 1233 arenis,

58 1243 167 1308 Largus
175 1255 275 1308 aquae=
287 1239 335 1290 sed
343 1254 424 1306 quem
432 1247 590 1306 serpentum
597 1241 806 1304 turbatonebat,

57 1312 112 1362 Vix
126 1311 251 1374 capiente
261 1309 334 1359 loco.
353 1307 471 1359 Stabant
482 1312 510 1360 in
521 1311 644 1377 margine
656 1312 746 1360 siccae

56 1378 180 1444 Aspidos,
192 1380 220 1428 in
230 1377 326 1428 mediis
338 1378 468 1429 sitiebant
478 1379 615 1446 Dipsades
627 1380 714 1430 undis.
809 1381 860 1431 010

57 1450 173 1508 Ductor,
186 1453 217 1497 ut
229 1447 355 1514 adspexit
365 1449 502 1514 perituros
514 1448 591 1500 fonte
602 1449 709 1512 relicto,

56 1518 230 1584 Adloquitur:
255 1515 331 1570 Vana
344 1517 431 1585 specie
442 1519 589 1570 conterrite
601 1519 658 1582 leti,

56 1587 95 1638 ,b'e
108 1588 213 1651 dubita,
226 1589 308 1650 miles,
320 1597 393 1639 tutos
405 1587 516 1640 haurire
527 1590 658 1654 liquores:

56 1658 146 1709 ,l'oxia
155 1668 305 1724 serpentum
317 1667 357 1709 est
368 1660 490 1711 adrisisto
501 1659 635 1729 sanguine
645 1661 746 1726 pestis:

56 1726 153 1777 Morsu
169 1728 244 1777 sirus
259 1727 365 1789 babent,
381 1739 406 1779 et
413 1730 508 1798 sutum
521 1730 599 1780 dente
610 1730 766 1782 traiciuntur:
808 1731 859 1781 615

55 1797 160 1848 Pocula
170 1804 255 1846 morte
267 1807 370 1847 carent.
389 1798 475 1858 Dixit,
489 1799 653 1865 dubiumque
664 1815 798 1850 venenum

57 1866 171 1916 llausit:
184 1865 249 1915 etin
260 1869 320 1914 tota
332 1865 439 1929 Libyae
450 1865 512 1916 fons
522 1883 592 1916 unus
604 1882 688 1917 arena

57 1936 106 1985 llle
117 1934 177 1994 fuit,
190 1933 224 1982 de
236 1949 289 1999 quo
301 1935 404 1999 primus
415 1935 466 1984 sibi
478 1940 606 2000 posceret
616 1936 725 1986 undum.

113 2004 166 2053 Cur
177 2001 300 2066 Libycus
311 2003 394 2052 tantis
406 2004 525 2054 exundet
535 2004 657 2070 pestibus
670 2021 718 2065 aer

57 2072 167 2125 Fertilis
177 2072 204 2121 in
215 2077 327 2134 mortes,
339 2076 387 2121 aut
398 2072 461 2138 quid
472 2080 580 2124 secreta
590 2075 702 2123 nocenti
808 2075 858 2125 620

58 2141 202 2194 Miscuerit
213 2147 312 2191 natura
323 2140 391 2201 solo,
403 2157 457 2191 non
470 2157 535 2192 cura
545 2142 678 2209 laborque

57 2211 160 2263 Noster
170 2212 241 2262 scire
251 2211 336 2261 valet:
355 2211 405 2260 nisi
419 2210 491 2277 quod
503 2212 615 2278 vulgata
626 2227 675 2277 por
686 2213 780 2263 orbem

57 2282 163 2337 Fabula
174 2297 224 2349 pro
237 2296 303 2332 vera
314 2280 424 2345 decepit
436 2281 547 2331 saecula
559 2296 664 2330 caussa.

57 2351 170 2403 Finibus
183 2352 312 2402 extremis
324 2349 438 2415 Libyes,
449 2350 496 2399 ubi
506 2349 612 2401 fervida
621 2351 702 2402 tellus

58 2423 165 2486 Accipit
176 2423 315 2471 Oceanum
328 2420 445 2470 demisso
458 2420 515 2471 sole
528 2420 671 2483 calentem,
807 2421 858 2473 025

59 2490 227 2556 Squalebant
237 2491 292 2542 late
302 2488 493 2555 Phorcynidos
503 2490 720 2554 arvaMedusoe,

58 2560 121 2610 Non
132 2574 274 2609 nemorum
285 2564 412 2625 protecta
424 2574 512 2622 coma,
524 2575 578 2609 non
589 2560 682 2610 mollia
691 2559 778 2624 sulco,

59 2627 114 2679 Sed
126 2628 251 2679 dominae
261 2630 336 2679 vultu
349 2630 504 2694 conspectis
517 2643 616 2694 aspera
626 2631 708 2680 saxis.

56 2699 121 2749 Hoc
133 2700 249 2765 primum
261 2706 358 2751 natura
368 2714 470 2750 nocens
481 2700 510 2749 in
522 2713 638 2765 corpore
650 2715 746 2751 sacras
800 2733 826 2769 ,45-

329 2767 331 2773 '
599 2769 621 2820 0
634 2771 648 2817 2
