1956 3106
215 174 501 268 Pilaasama.
537 215 629 265 LIB.
660 215 710 266 lV.
794 214 828 265 te

90 343 188 389 Aestus
200 344 272 404 agat,
284 335 424 402 refluoque
435 336 503 383 mari
512 334 647 383 nudentur
659 349 765 385 arenae.

91 412 201 474 lamque
214 407 348 456 relabenti
359 404 520 454 crescebant
530 404 612 453 litora
624 408 723 467 pont03

90 479 177 528 Missa
191 478 256 525 ratis
270 477 356 541 pr'ono
370 473 491 523 defertur
501 472 578 538 lapsa
588 471 733 537 profundo,
837 472 892 523 430

91 548 128 596 Et
138 547 262 611 geminae
275 545 397 593 comites.
418 543 622 607 Cunctassuper
634 540 719 590 ardua
729 541 811 591 turris

92 616 209 676 Enrinet,
222 619 249 662 et
262 612 383 662 tremulis
392 611 515 661 tabulata
525 611 656 660 minantia
666 610 762 674 pinnis.

91 683 186 733 Noluit
196 682 321 747 Illyricae
334 687 425 731 custos
438 679 567 730 Octavius
578 678 667 729 undae

91 751 242 803 Confestim
255 754 361 800 tentare
374 756 469 810 ratem,
482 747 638 815 celeresque
651 749 758 799 carinas

91 821 240 881 continuit,
254 836 334 869 cursu
346 825 454 869 crescat
464 818 527 867 dum
539 817 641 883 praeda
651 817 785 868 secundo:
835 816 891 866 435

90 892 128 941 Et
137 897 240 941 temere
249 886 570 956 ingressosrepetendum
577 887 673 937 invitat
678 887 713 936 ad
724 901 827 953 aequor

91 961 165 1009 Pace
176 960 266 1008 maris.
295 956 341 1008 Sic
353 957 415 1006 dum
428 955 539 1021 pavidos
549 955 692 1006 formidine
705 971 800 1007 cervos

93 1029 207 1079 Claudat
219 1029 351 1077 odoratae
362 1031 514 1075 metuentes
526 1040 590 1075 aera
601 1026 710 1090 pinnae:
879 1028 885 1037 ”

91 1101 144 1147 :lut
155 1098 217 1146 dum
230 1096 368 1161 dispositis
381 1094 496 1143 adtollat
506 1088 576 1143 retia
585 1095 656 1143 varis

95 1169 224 1226 Venator,
236 1171 312 1214 tenet
324 1179 374 1214 ora
383 1164 450 1213 levis
461 1163 581 1212 clamosa
590 1162 713 1223 Molossi,
836 1164 891 1211 440

93 1235 243 1300 Spartanos
255 1236 403 1299 Cretasque
413 1233 493 1298 ligat:
505 1245 555 1280 nec
567 1230 687 1280 ereditur
697 1229 767 1279 ullae

93 1305 178 1367 Sylva
189 1304 258 1362 cani,
269 1303 320 1351 nisi
332 1303 377 1367 qui
388 1315 482 1365 presso
494 1300 610 1368 uestigia
621 1306 710 1349 rostro

94 1371 210 1437 Colligit,
223 1377 251 1420 et
262 1371 364 1436 praeda
374 1371 461 1420 nescit
471 1370 572 1418 latrare
582 1375 699 1432 reperta,

92 1442 241 1491 Contentus
252 1440 367 1490 tremulo
379 1445 545 1489 monstrasse
558 1438 657 1487 cubilia
667 1438 736 1487 loro.

90 1509 149 1560 Nec
161 1525 251 1559 mora:
264 1509 434 1575 complentur
444 1509 539 1569 moles,
551 1508 682 1574 avideque
696 1508 789 1572 petitis
835 1510 890 1560 445

91 1581 179 1630 insula
192 1579 326 1630 deseritur
336 1580 453 1629 ratibus:
466 1593 519 1645 quo
531 1583 655 1642 tempore
667 1578 768 1642 primas

90 1649 206 1714 Impedit
217 1650 250 1698 ad
260 1655 369 1698 noctem
380 1651 435 1698 iam
447 1649 493 1698 lux
504 1653 627 1702 extrema
636 1647 771 1699 tenebras.

88 1721 123 1768 At
134 1719 314 1784 Pompeianus
325 1717 435 1768 fraudes
445 1719 584 1768 innectere
596 1723 679 1782 ponto

88 1789 205 1854 Antiqua
214 1794 293 1852 parat
304 1794 362 1837 arte
376 1788 451 1848 Cilix,
464 1800 613 1852 passusque
623 1800 722 1835 vacare

89 1855 201 1906 Summa
211 1856 289 1916 freti,
299 1856 389 1906 medio
402 1855 543 1921 suspendit
552 1854 660 1904 vincula
672 1862 765 1919 ponto,
833 1858 888 1906 450

88 1927 125 1975 Et
135 1926 211 1974 laxas
222 1925 327 1974 fluitare
339 1926 401 1974 sinit
412 1925 561 1990 religatque
573 1929 684 1973 catenas

89 1996 173 2059 Rupis
186 1994 218 2043 ab
236 1994 361 2057 illyricae
381 1994 507 2058 scopulis.
544 1990 603 2042 Nec
618 1994 719 2057 prima,
735 2008 823 2060 neque

502 2061 556 2123 illa,

92 2135 167 2192 Quae
181 2131 316 2197 sequitur,
328 2127 438 2177 tardata
448 2129 527 2179 ratis:
540 2129 588 2179 sed
599 2130 682 2178 tertia
692 2130 778 2179 moles

90 2202 196 2260 Haesit,
208 2206 235 2251 et
247 2199 281 2248 ad
294 2204 387 2248 cautes
399 2196 517 2247 adducto
528 2196 592 2247 fune
603 2201 698 2246 secuta
708 2204 758 2247 est.

93 2270 249 2335 impendent
261 2284 328 2320 cara
340 2281 407 2317 saxa
416 2267 496 2315 mari:
508 2267 666 2332 ruituraque
676 2280 783 2331 semper
832 2268 886 2318 455

91 2339 151 2388 Stat
161 2342 171 2395 t
173 2342 281 2401 mirum)
293 2337 390 2387 moles:
403 2341 431 2386 et
441 2335 513 2386 silvis
526 2349 628 2401 aequor
636 2335 781 2386 inumbrat.

92 2409 151 2457 lluc
162 2408 264 2459 fractas
276 2407 406 2474 Aquilone
417 2411 500 2466 rates,
510 2404 705 2471 submersaque
716 2412 816 2470 pontus

90 2479 212 2541 Corpora
224 2493 305 2543 saepe
317 2476 391 2539 tulit,
408 2476 552 2541 caecisque
567 2473 711 2524 abscondit
721 2476 748 2525 in
765 2491 811 2526 an·
856 2523 859 2528 .

499 2545 562 2594 tris:

89 2614 218 2664 Restituit
230 2621 322 2678 raptus
335 2620 437 2666 tectum
448 2628 538 2665 mare:
552 2629 667 2681 eumque
678 2629 810 2666 cavernae

89 2684 241 2733 Evomuere
252 2683 364 2748 fretum,
378 2684 496 2734 contorti
507 2686 617 2734 verticis
628 2683 716 2735 undae
830 2684 885 2734 tte

89 2753 346 2803 'l'auromenitanam
358 2756 469 2804 iincunt
480 2752 588 2805 femore
602 2753 775 2821 Charybdim.
