1950 3218
191 135 477 187 PHARSALIA.
513 137 604 187 [ΛΒ.
622 136 658 186 Χ.
743 133 795 188 22¹1

57 257 123 307 lnde
134 255 326 306 Paraetoniam
337 254 425 305 fertur
436 270 547 304 securus
557 256 584 304 in
597 255 692 306 urbem

57 327 175 393 Pignore
188 332 243 374 tam
256 325 330 375 saevi
342 323 462 385 sceleris,
474 339 523 374 sua
534 326 611 391 signa
622 330 745 375 secutus:
818 323 853 374 i]

58 393 112 444 Sed
124 393 234 444 fremitu
244 393 325 459 vulgi,
337 391 425 443 fasces
438 398 465 443 et
475 394 535 443 iura
547 395 684 459 querentis

58 463 154 514 inferri
165 463 289 513 Romana
299 463 364 524 suis,
375 461 512 512 discordia
522 462 607 511 sensit

57 532 185 593 Pectora,
198 540 226 581 et
237 531 367 595 ancipites
375 532 488 592 animos,
499 531 682 598 Magnumque
690 528 793 596 perisse

57 601 118 651 Non
131 602 190 651 sibi.
210 602 280 649 Tum
292 600 367 648 vultu
381 615 488 665 semper
500 600 605 650 celante
617 601 752 660 timorem,

57 671 211 735 intrepidus
222 672 348 734 superum
361 669 447 730 sedes,
460 675 488 718 et
498 669 599 736 templa
609 669 711 719 vetusti
820 663 852 714 15

57 739 189 800 Numinis,
203 740 326 804 antiquas
337 738 476 787 Macetum
487 741 618 788 testantia
629 739 709 800 eires,

58 811 171 859 Circuit:
192 813 219 859 et
230 807 302 857 nulla
313 813 408 873 eaptus
421 807 561 858 dulcedine
571 823 671 870 rerum,

57 878 117 927 Non
131 894 196 927 auro
209 876 336 943 cultuque
349 877 438 938 deum,
449 893 502 926 non
514 878 654 928 moenibus
664 877 747 938 urbis,

56 947 193 997 Effossum
206 946 315 996 tumulis
328 946 424 1012 cupide
435 945 576 996 descendit
586 948 612 996 in
625 953 740 997 antrum.

56 1017 114 1065 lllic
126 1016 228 1066 Pellaei
241 1014 331 1079 proles
342 1030 443 1064 resana
453 1013 580 1081 Philippi,
818 1010 851 1059 20

57 1085 132 1135 Felix
145 1085 256 1150 praedo,
267 1085 349 1143 iacet,
362 1089 496 1133 terrarum
508 1084 614 1133 vindice
625 1082 682 1132 fato

57 1156 173 1220 Raptus,
192 1153 307 1203 sacratis
319 1157 407 1201 totum
418 1152 572 1219 spargenda
583 1167 632 1217 per
643 1151 736 1201 orbem

56 1223 180 1272 Membra
190 1223 238 1270 riri
252 1235 367 1284 posuere
381 1222 484 1286 adytis:
504 1222 627 1271 Fortuna
638 1219 762 1286 pepercit

55 1290 190 1350 lienibus,
203 1295 230 1338 et
242 1290 316 1354 regni
328 1289 435 1339 durarit
445 1290 479 1339 ad
489 1290 584 1339 ultima
593 1288 688 1339 fatum.

56 1358 125 1407 Nam
137 1358 187 1407 sibi
200 1358 312 1407 libertas
323 1374 450 1426 umquam
461 1360 484 1409 si
495 1359 623 1409 redderet
634 1357 735 1420 orbem,
817 1355 849 1405 25

55 1427 186 1477 Ludibrio
199 1433 322 1477 serratus
333 1434 402 1491 erat,
414 1444 468 1477 non
479 1428 544 1478 utile
556 1427 655 1478 mundo

54 1497 151 1547 Editus
164 1496 325 1563 exemplum,
337 1504 424 1549 terras
435 1503 478 1548 tot
489 1513 569 1564 posse
581 1498 630 1548 sub
640 1512 693 1547 uno
783 1558 786 1563 ι

54 1568 122 1616 Esse
133 1568 199 1618 nro.
228 1568 367 1617 ,liacetunr
379 1569 446 1618 fines
456 1567 629 1635 latebrasque
641 1582 751 1617 suorum

55 1637 191 1697 Desemit,
202 1638 341 1703 victasque
354 1639 425 1703 patri
437 1637 562 1704 despexit
571 1634 704 1688 Athenas:

57 1706 160 1769 Perque
171 1708 248 1756 ¹isiae
260 1707 374 1771 populos
386 1707 450 1757 fatis
461 1708 624 1774 urgentibus.
632 1713 709 1756 actus
818 1703 851 1752 30

55 1774 183 1822 Humana
195 1789 255 1822 eum
267 1780 359 1841 strage
371 1777 434 1836 ruit,
446 1775 617 1841 gladiumque
629 1790 678 1840 per
689 1788 783 1823 omnes

56 1842 156 1907 Exegit
167 1848 274 1907 gentes:
293 1843 402 1909 ignotos
412 1844 522 1892 miscuit
535 1859 636 1903 amnes,

56 1913 200 1959 Persarum
208 1908 374 1974 Euphraten,
388 1912 514 1960 indorum
525 1913 655 1977 sanguine
664 1910 791 1977 Gangen:

57 1983 204 2029 'l'errarunr
215 1978 299 2029 fatale
309 1980 417 2040 malurn,
430 1979 594 2046 fulmenque,
607 1980 677 2046 quod
690 1994 783 2030 omnes

56 2049 217 2098 Percuteret
229 2049 332 2113 pariter
343 2048 467 2114 populos,
482 2055 509 2097 et
520 2048 594 2098 sidus
606 2050 727 2115 iniquum
819 2045 852 2096 35

57 2117 198 2167 Gentibus.
224 2118 335 2167 Oceano
349 2118 449 2167 classes
459 2116 561 2167 inferre
573 2117 689 2183 parabat

55 2188 199 2237 Exteriore
211 2188 288 2236 mari.
316 2185 377 2236 Non
389 2186 426 2236 illi
438 2185 556 2248 flamma,
567 2201 617 2237 nec
628 2186 726 2247 undae,

54 2256 112 2308 Nec
124 2257 222 2307 sterilis
233 2255 331 2320 Libye,
342 2271 392 2306 nec
400 2254 524 2321 Syrticus
535 2256 792 2307 obstititHummon.

53 2326 123 2375 isset
133 2329 159 2375 in
172 2342 295 2386 occasus,
306 2325 398 2374 mundi
411 2326 515 2375 devexa
527 2332 647 2388 secutus,

54 2396 241 2461 Ambissetque
254 2395 341 2460 polos,
354 2393 488 2462 Nilonque
499 2410 515 2445 a
527 2394 603 2446 fonte
614 2395 743 2447 bibisset:
821 2395 857 2444 lo

55 2466 182 2513 Occurrit
193 2480 319 2530 suprema
332 2464 399 2526 dies,
411 2471 562 2532 naturaque
574 2465 663 2516 solum

54 2534 133 2581 Hune
146 2535 234 2597 potuit
245 2534 326 2583 linem
337 2548 439 2584 vesano
453 2548 555 2600 ponere
567 2535 640 2602 regi3

54 2602 105 2660 Qui
119 2617 209 2650 sectum
221 2603 329 2663 invidia,
342 2618 395 2670 qua
405 2608 494 2652 totum
507 2610 619 2670 ceperat
628 2601 731 2666 orbern,

52 2670 171 2719 Abstulit
184 2672 217 2719 im
222 2674 339 2736 perium3
360 2672 486 2739 nulloque
497 2670 596 2724 herede
606 2672 702 2723 relicto

585 2742 643 2793 rr
744 2769 776 2810 J
