1956 3106
186 198 476 251 PHARSALIA.
512 203 602 255 ΜΒ.
632 205 652 254 1.
759 202 793 256 tt

52 323 145 373 Acciri
156 328 241 371 vates.
263 321 384 381 uum-um
396 321 442 387 qui
453 322 586 372 maximus
598 337 665 374 aero
803 320 854 372 585

54 395 144 442 Aruns
153 389 268 440 incoluit
280 389 405 439 desertae
417 391 525 439 moenia
535 389 637 452 Lucae,

54 460 187 530 Fulminis
198 459 313 509 edoctus
326 463 424 519 motus,
435 474 571 525 venasque
584 459 703 510 calentes

58 530 209 589 Fibrarum,
221 534 248 578 et
259 527 378 576 monitus
390 527 526 578 volitantis
536 530 564 577 in
576 543 638 578 aere
651 544 769 594 pennae:

56 598 181 649 Monstra
190 597 266 647 iubet
277 597 401 662 primum,
412 596 483 646 nullo
497 612 565 664 (puae
575 599 677 648 semine
689 598 792 649 discors

57 667 213 717 Protulerat
225 672 336 726 natura,
354 666 426 730 rapi,
439 667 578 733 sterilique
590 666 723 717 nefandos
803 667 853 716 ibo

56 736 100 786 Ex
111 741 190 786 utero
202 734 274 784 fetus
285 733 410 784 infaustis
420 750 500 785 urere
512 734 636 787 flammis.

54 805 123 855 Mox
132 805 208 855 iubet
219 810 247 853 et
257 808 344 853 totam
354 803 458 869 pavidis
470 819 486 853 a
496 806 599 854 civibus
611 806 706 856 urbcm

54 873 170 934 Δ11111111,
182 877 209 923 et
219 871 290 922 festo
302 879 449 938 purgantes
460 875 567 935 moenia
577 875 672 936 lustro,

56 942 155 1009 Longa
165 957 214 1008 per
225 948 362 992 extremos
374 943 515 1007 pomoeria
526 943 634 1009 cingere
645 945 712 994 fines

56 1011 219 1073 Pontifices,
232 1012 303 1061 sacri
314 1011 409 1077 quibus
421 1016 463 1061 est
474 1013 605 1076 permissa
615 1019 746 1078 potestas.
803 1010 853 1060 595

56 1080 152 1130 'l'urba
162 1081 250 1129 minor
260 1081 314 1129 ritu
325 1081 447 1144 sequitur
459 1082 599 1129 succincta
610 1081 726 1141 Gabino,

56 1149 250 1214 Vestalemque
261 1146 374 1199 chorum
386 1147 570 1206 ducit-vittata
581 1149 719 1209 sacerdos,

57 1218 206 1268 Troianam
218 1217 269 1266 soli
282 1217 325 1265 eui
338 1213 380 1264 fas
392 1215 490 1264 vidisse
502 1217 661 1265 Mineruam.

55 1287 135 1335 'l'une
147 1287 192 1351 qui
202 1284 259 1333 lata
272 1285 352 1333 decim
363 1289 523 1349 secretaque
536 1286 656 1333 carmina
666 1289 784 1346 seruant,

55 1356 93 1404 ut
103 1354 188 1402 lotam
200 1366 283 1416 parvo
296 1357 427 1400 revocant
436 1351 548 1401 Almone
560 1353 701 1417 Cybeben:
803 1353 852 1403 ooo

55 1424 94 1472 Et
105 1420 202 1470 doctus
213 1420 336 1470 volucres
349 1434 434 1487 augur
444 1435 552 1471 servare
565 1423 699 1473 sinistras:

56 1489 261 1556 Septemvirque
272 1489 357 1556 epulis
370 1489 459 1552 festis,
472 1491 590 1558 Titiique
601 1491 721 1542 sodalesz

56 1561 91 1609 Et
102 1557 191 1609 Salius
203 1558 275 1610 laeto
287 1564 399 1625 portans
411 1560 507 1609 ancilia
520 1561 604 1611 collo:

53 1628 240 1695 Attollensque
252 1630 357 1695 apicem
368 1643 502 1695 generoso
515 1632 618 1681 vertice
628 1631 748 1681 Flamen.

56 1698 179 1763 Dumque
192 1697 230 1747 illi
241 1696 355 1748 eflusam
366 1698 454 1765 longis
466 1700 642 1750 amfractibus
654 1700 749 1750 urbem
800 1698 850 1750 605

55 1769 214 1828 Circueunt,
225 1768 312 1817 airuns
324 1767 461 1833 dispersos
472 1767 589 1818 fulminis
599 1770 675 1835 ignes

55 1836 171 1902 Colligit,
182 1840 211 1885 et
221 1842 310 1886 terrae
322 1842 427 1886 moesto
439 1851 499 1886 cum
511 1853 648 1887 murmure
661 1837 762 1896 condit,

54 1905 163 1972 Datque
176 1904 243 1954 locis
255 1919 352 1954 nomen
364 1906 458 1954 sacris.
478 1907 557 1956 'l'unc
570 1907 698 1956 adurovct
709 1907 763 1955 aris

57 1975 152 2025 Electa
163 1974 267 2023 cernes
280 1988 389 2022 marem.
413 1973 470 2022 Iam
480 1973 594 2026 fundere
606 1972 745 2025 Bacchum

57 2045 201 2108 Coeperat,
214 2041 376 2106 obliquoque
388 2042 473 2092 uiolas
484 2045 614 2095 inducere
625 2045 726 2094 cultro:
799 2042 849 2094 oto

55 2111 256 2177 Impatiensque
267 2109 313 2159 ‹liu
324 2124 376 2158 non
387 2111 459 2176 grati
468 2113 578 2163 victima
589 2114 669 2174 sacri,

56 2181 165 2230 Cornua
175 2178 308 2228 succincti
320 2185 475 2244 premerent
486 2197 547 2231 cum
557 2188 637 2231 torva
648 2180 772 2239 miniani,

54 2248 188 2315 Deposito
199 2248 300 2296 victum
311 2244 460 2312 praebebat
471 2250 571 2315 poplite
584 2249 689 2299 collum.

52 2313 112 2370 Nec
124 2332 206 2367 cruor
216 2317 326 2367 emicuit
337 2315 445 2366 solitus:
457 2318 505 2366 secl
516 2318 626 2367 vulnere
636 2318 712 2384 largo

55 2385 190 2437 Diffusum
202 2386 282 2436 rutilo
295 2386 401 2452 nigrum
412 2400 460 2450 pro
472 2387 602 2453 sangnine
613 2388 692 2437 virus.
800 2387 850 2438 615

54 2455 156 2505 Palluit
168 2455 306 2505 adtonitus
319 2455 403 2505 sacris
415 2453 544 2505 feralibus
555 2457 651 2517 Aruns,

54 2526 143 2591 Atque
154 2525 220 2573 iram
232 2540 358 2591 superum
371 2525 455 2589 raptis
467 2526 599 2591 qnaesivit
609 2525 636 2574 in
648 2529 726 2578 extis.

54 2592 168 2642 Terruit
177 2593 234 2658 ipse
246 2594 322 2644 color
333 2594 435 2644 vatem:
452 2610 512 2643 nam
524 2594 624 2662 pallida
634 2597 729 2646 taetris

53 2661 170 2714 Viscera
180 2663 266 2712 tincta
277 2664 362 2725 notis,
372 2663 516 2729 gelidoque
527 2664 629 2714 insecta
639 2680 736 2718 cruore

52 2729 189 2781 Plurimus
202 2731 331 2798 adsperso
343 2732 467 2783 variabat
476 2735 606 2801 sanguine
618 2734 694 2785 livor.
800 2735 852 2786 oto
