1956 3106
214 188 498 242 PHARSALIA.
534 189 624 239 LlB.
653 190 704 242 lv.
793 189 827 241 69

90 309 153 370 Hic,
163 308 208 359 ubi
220 310 274 359 iam
286 308 406 376 Zephyri
419 309 485 359 fines
499 314 527 359 et
537 324 656 358 summus
669 309 782 377 Olympi¹

91 379 179 430 Cardo
190 384 267 430 tenet
277 377 398 444 Tethyn,
410 379 511 428 vetitae
521 382 717 440 transcurrere,
729 379 827 430 densos

89 448 230 500 Involvere
241 448 352 515 globos3
366 453 578 514 congestumque
591 447 660 496 aeris
672 446 724 497 atri

89 519 143 569 Vix
154 517 252 584 recipit
262 519 389 584 spatium,
396 516 468 582 quod
479 521 589 583 separat
600 513 711 566 aethere
720 522 830 567 terram.
854 515 887 570 75

89 588 200 655 lamque
212 587 277 654 polo
288 600 398 653 pressae
409 586 501 652 largos
513 585 662 635 densantur
671 587 698 634 in
709 584 818 651 imbres,

91 655 284 723 Spissataeque
291 655 390 706 fluunt:
401 669 452 706 nec
461 660 571 706 servant
579 653 690 704 fulmina
697 653 828 718 flammas,

92 726 220 786 Quamvis
227 725 323 776 crebra
329 725 442 774 micent:
454 722 828 792 moriunturfulguranimbis.

90 794 162 845 Hinc
172 793 333 860 imperfecto
346 793 536 860 complectitur
547 808 612 844 aera
622 809 691 862 gyro

89 866 184 924 Arcus,
195 865 241 913 vix
253 863 308 914 ulla
317 865 439 914 variatus
448 861 508 912 luce
520 862 649 925 colorem,
855 864 888 914 80

91 933 284 999 Oceanumque
298 933 376 994 bibit,
393 937 541 1001 raptosque
558 931 591 981 ad
608 932 701 984 nubila
712 932 810 985 fluctus

88 1002 215 1063 Pertulit,
228 1009 256 1052 et
270 1002 347 1055 coelo
359 1000 487 1052 difl'usum
499 1000 618 1051 reddidit
630 1017 739 1068 aequor.

89 1072 200 1138 lamque
211 1070 382 1135 Pyrenaeae,
396 1084 462 1136 quas
473 1084 619 1135 numquam
631 1071 736 1121 solvere
748 1073 830 1123 Titan

89 1140 209 1202 Evaluit,
219 1139 323 1191 fluxere
334 1141 419 1200 nives,
430 1137 573 1205 fractoque
584 1139 744 1190 madescunt

90 1208 164 1259 Saxa
175 1209 246 1275 gelu.
275 1210 356 1272 Tum,
368 1223 437 1275 quae
448 1205 694 1258 solitisefontibus
706 1210 770 1271 exit,
857 1209 890 1260 85
935 1230 939 1238 ·

88 1277 151 1328 Non
163 1275 247 1327 habet
257 1277 330 1327 unda
340 1278 412 1326 iias:
427 1283 483 1326 tam
494 1277 585 1343 largas
598 1277 689 1326 alveus
701 1279 787 1328 omnis

89 1347 189 1412 A'ripis
201 1348 308 1412 accepit
318 1361 410 1413 aquas.
440 1346 497 1394 lam
508 1345 642 1412 naufraga
652 1362 747 1413 campo

92 1415 217 1466 Caesaris
228 1430 304 1465 arma
314 1421 418 1478 natant,
429 1414 598 1481 impulsaque
609 1417 717 1483 gurgite
727 1417 812 1468 multo

92 1486 188 1535 Castra
198 1484 303 1535 labant:
315 1485 370 1536 alto
382 1490 542 1551 restagnant
554 1483 664 1534 flumina
675 1485 753 1536 vallo.

89 1553 151 1605 Non
162 1569 292 1621 pecorum
304 1561 398 1622 raptus
411 1553 515 1616 faciles,
527 1570 581 1604 non
594 1554 692 1620 pabula
703 1558 785 1607 mersi
857 1558 890 1611 90

89 1623 149 1674 Ulla
160 1624 251 1676 ferunt
260 1623 341 1675 sulci:
355 1629 492 1675 tectarum
503 1638 595 1674 errore
607 1625 710 1675 riarum

89 1693 203 1744 Fallitur
216 1693 330 1745 occultis
341 1709 451 1759 sparsus
463 1694 609 1758 populator
619 1695 646 1743 in
658 1696 738 1762 agnis.

89 1763 210 1829 lamque,
220 1778 311 1814 comes
318 1777 591 1828 sempermagnorum
598 1763 830 1829 primamalorum,

91 1829 181 1885 Saeva
190 1830 277 1882 fames
288 1831 396 1882 aderat:
408 1830 536 1897 nulloque
549 1830 677 1882 obsessus
688 1833 721 1884 ab
734 1832 813 1885 hoste

90 1901 171 1952 Miles
186 1906 260 1967 eget3
272 1907 332 1950 toto
345 1915 426 1950 censu
437 1916 491 1950 non
502 1900 633 1968 prodigus
645 1903 710 1953 emit
859 1903 891 1955 95

91 1970 227 2035 Exiguam
241 1969 374 2019 Cererem.
398 1969 452 2019 Pro
463 1969 531 2019 lucri
543 1969 643 2035 pallida
652 1970 742 2022 tabes!

91 2037 154 2091 Non
166 2037 244 2088 deest
255 2037 362 2103 prolato
372 2038 477 2088 ieiunus
488 2038 613 2089 venditor
624 2055 699 2091 auro.

91 2109 149 2160 lam
161 2106 257 2158 tumuli
269 2106 405 2172 collesque
414 2105 513 2156 latent:
530 2108 584 2157 iam
595 2107 705 2159 flumina
716 2115 815 2161 cuncta

94 2177 221 2229 Condidit
231 2190 286 2226 una
296 2174 383 2241 palus,
394 2181 525 2241 vastaque
535 2177 665 2243 voragine
676 2179 782 2229 mersit:

29 2250 33 2260 '
92 2247 235 2314 Absorpsit
246 2246 353 2312 penitus
363 2258 454 2362 rupes,
466 2259 498 2294 ac
508 2250 585 2294 tecta
595 2245 714 2295 ferarum
840 2250 891 2300 1⁰0

93 2317 207 2379 Detulit,
220 2322 302 2382 atque
311 2315 385 2380 ipsas
418 2313 497 2375 ausit,
508 2311 658 2379 subitisque
669 2313 816 2368 freurentes

93 2385 251 2438 Vorticibus
264 2384 398 2434 contorsit
409 2398 493 2449 aquas
505 2387 532 2433 et
541 2383 640 2448 repulit
652 2389 742 2436 aestus

92 2457 204 2507 Fortior
215 2455 326 2506 Oceani.
346 2451 404 2503 Nec
414 2449 555 2502 Phoebum
567 2469 678 2520 surgere
690 2457 773 2506 sentit

93 2525 156 2577 Nox
170 2525 293 2575 subiecta
303 2522 381 2589 polo;
398 2537 488 2572 rerum
499 2522 655 2573 discrimina
665 2524 762 2576 miscet

93 2594 232 2646 Deformis
244 2593 312 2644 coeli
323 2591 417 2653 facies,
428 2592 591 2659 iunctaeque
601 2592 739 2645 tenebrae.
840 2595 891 2645 105

94 2664 140 2715 Sic
152 2663 244 2714 mundi
256 2678 319 2729 pars
328 2663 384 2712 ima
394 2662 476 2722 iacet,
489 2676 567 2727 quam
580 2678 651 2712 zona
661 2664 755 2716 nivalis

93 2735 301 2801 Perpetuaeque
313 2732 439 2798 prennmt
449 2727 565 2797 hiemes3
576 2749 629 2782 non
642 2734 731 2786 sidera
744 2734 819 2784 coelo
