1956 3106
136 157 168 205 92
215 112 224 129 ⁵
272 156 310 206 M.
346 151 446 204 ANN.
483 149 662 203 LUCANl

135 274 219 338 Nam,
240 277 282 326 ael
302 273 491 342 Hyperboreae
508 274 662 338 plaustrum
681 274 801 341 glaciale
822 271 876 327 sai

605 359 693 402 ursae,

136 411 185 463 Vel
192 414 278 479 plaga
290 429 343 478 qua
356 420 472 471 torrens,
484 413 642 478 claususque
652 411 796 476 vaporibus
808 411 874 464 axia

92 482 125 530 25
137 480 190 532 Nee
198 482 307 548 patitur
317 489 415 540 noctes,
426 497 474 530 nea
484 479 589 545 iniquos
600 495 715 532 erescere
727 483 803 541 soles,

136 552 167 602 Si
172 551 291 621 fortuna
297 550 386 620 ferat,
398 565 487 598 rerum
501 565 547 599 nos
558 566 660 600 asemona
671 559 805 616 sequetur,

134 620 330 686 Imperiumque
341 633 434 667 earnes.
466 615 584 682 Tarpeia
595 619 654 669 sede
662 629 774 685 perusta

140 690 281 740 Gallorum
286 686 407 757 facibus,
424 683 551 752 Veiosque
562 685 702 739 habitante
713 685 837 751 Camillo,

136 757 196 807 lllie
206 755 293 806 Roura
299 755 370 826 fuit.
399 752 458 806 Non
469 770 592 818 uniquam
600 757 719 820 perdidit
731 758 796 808 orda
898 760 903 769 ”

92 827 125 876 30
138 826 247 877 Mutato
257 841 306 875 saa
316 825 379 875 iura
391 827 453 875 solo.
484 823 636 875 Moerentia
647 834 719 875 tectu

137 893 239 945 Caesar
248 893 336 954 hahet,
347 908 495 958 uacuasque
507 893 609 954 doulos,
621 895 742 962 legesque
753 895 872 958 silentes,

137 962 287 1030 Clausaque
298 962 405 1013 iustitio
416 962 493 1012 tristi
497 962 575 1032 fora.
608 961 694 1014 Curia
705 966 773 1014 solos

133 1034 187 1084 llla
199 1034 270 1084 videt
282 1033 390 1093 Patres,
399 1034 480 1098 plena
492 1047 556 1097 quoe
566 1031 630 1081 arbe
636 1033 759 1103 firgaoit.

137 1100 239 1156 Ordine
252 1104 283 1153 de
294 1111 372 1154 tanto
383 1101 502 1168 quisquis
512 1117 564 1152 non
575 1104 688 1162 exsulat,
700 1101 743 1153 ltie
755 1111 803 1152 est.

94 1171 127 1221 35
141 1173 256 1237 ignaros
267 1174 405 1234 scelerum,
420 1173 552 1239 longaque
562 1170 591 1221 iu
599 1188 668 1237 paee
679 1172 783 1236 quietos

85 1286 88 1291 .
135 1241 273 1293 Bellorum
281 1242 387 1308 primus
396 1240 602 1310 sparsitfuror:
614 1239 702 1292 omnia
713 1257 808 1291 rursus

135 1310 256 1362 Membra
269 1314 325 1362 loeo
336 1311 463 1373 redeunt.¹
474 1307 517 1360 Eu
528 1307 592 1360 totis
602 1309 704 1360 uiribus
716 1309 787 1361 orbis

135 1379 294 1447 Hesperiam
305 1389 421 1446 pensant
433 1378 537 1444 superi.-
555 1378 628 1429 iacet
639 1377 723 1430 hostis
733 1379 762 1430 in
772 1379 855 1432 uadit

137 1446 256 1500 Obrutus
267 1448 401 1516 Illyricis:
418 1447 522 1516 Libyae
533 1448 715 1512 squalentibus
726 1448 800 1499 arnis

90 1519 125 1567 40
137 1517 219 1569 Curio
231 1516 360 1568 Caesarei
371 1515 541 1582 eeeiditpars
552 1533 652 1583 magna
663 1525 781 1569 senatus.

138 1586 235 1638 Tollite
245 1585 334 1654 signa,
346 1585 568 1656 dueersfatorum
579 1584 705 1650 impellite
714 1603 836 1649 euersum:

80 1656 84 1668 “
136 1657 215 1721 Spem
226 1664 343 1706 nestram
351 1651 492 1722 praestate
503 1655 569 1706 deis:
576 1654 747 1723 fortunaque
759 1665 852 1709 tantas

135 1725 192 1777 Det
204 1724 278 1777 nobis
288 1725 399 1784 animos,
411 1724 703 1794 quantorfugientihus
713 1724 814 1778 laertem

138 1794 240 1848 Causea
256 1793 344 1845 dabat.
380 1793 504 1846 Nostrum
523 1791 653 1844 exhausto
669 1795 712 1845 ius
727 1795 874 1848 clauditur

607 1880 693 1915 anno:

92 1936 127 1986 45
146 1933 206 1995 Vos,
218 1931 419 2002 quarumfinem
431 1948 482 1984 non
493 1940 532 1983 est
543 1948 653 1985 sensura
661 1942 791 2000 potestas,

144 2003 281 2056 Consulite
294 2004 322 2054 in
333 2002 456 2062 aredium,
469 2002 578 2063 Patres,
590 2002 772 2070 Magnumque
781 2003 873 2057 iubete

45 2122 47 2127 .
136 2073 202 2125 Esse
213 2075 311 2125 ducem.
340 2072 431 2122 Laeto
445 2087 544 2121 nomen
555 2072 673 2122 elamore
685 2078 796 2123 senatus

136 2145 259 2210 Excipit:
279 2149 307 2192 et
316 2142 418 2208 Magno
430 2140 517 2192 fatum
529 2142 687 2206 patriaeque
698 2156 831 2208 suumque

136 2214 276 2280 Imposuit.
306 2213 385 2276 Tunc
397 2212 424 2261 in
436 2224 514 2277 reges
525 2210 692 2276 populosque
703 2217 841 2262 merentes

93 2283 126 2331 50
138 2280 253 2347 Sparsus
265 2279 365 2341 honos,
382 2280 524 2346 pelagique
536 2285 631 2343 potens
642 2277 782 2330 Phoebeia
793 2280 872 2331 donin

137 2353 278 2402 Exornata
288 2349 408 2411 Rhodos,
420 2348 553 2415 gelidique
563 2347 666 2397 inculta
675 2349 801 2401 iuventus

138 2421 270 2488 Taygeti:
290 2418 364 2468 fama
374 2424 481 2468 veteres
491 2416 636 2466 laudantur
645 2415 781 2470 Athenae:
824 2446 833 2457 --

137 2489 328 2554 Massiliaeque
338 2502 404 2537 suae
417 2486 533 2536 donatur
543 2484 629 2534 libera
638 2483 747 2537 Phocis.

138 2559 216 2608 Tune
232 2555 361 2617 Sadalen,
380 2554 533 2621 fortemque
551 2555 653 2618 Cotyn,
669 2554 807 2625 fidumque
822 2571 872 2624 per

610 2639 686 2675 arma

93 2695 127 2744 55
138 2695 307 2754 Deiotarum,
318 2701 346 2743 et
356 2694 461 2760 gelidae
474 2693 609 2743 dominum
621 2692 779 2762 Rhasipolin
791 2711 858 2748 orae
