1950 3218
202 146 489 200 PHARShLlh.
525 148 722 201 LIB.·Vlll.
777 153 828 203 183

91 264 416 320 ,Nominishaudmetuisi
433 266 828 335 coeloquetonante‚profanas

91 338 244 389 insenuisse
255 352 359 397 manus,
369 337 484 400 impure,
495 351 528 384 ac
539 336 656 396 semivir,
667 335 766 386 eudes?
882 334 885 341 '

94 405 157 456 Non
169 406 287 455 domitor
298 404 399 465 mundi,
410 418 460 454 neo
471 411 514 455 ter
525 403 659 469 Capitolia
668 419 750 454 curru

94 476 230 536 invectus,
242 488 390 539 regumque
401 478 508 538 potens,
520 472 672 539 vindexque
682 480 801 537 senatus,

94 544 269 608 Victorisque
281 556 376 608 gener:
395 541 495 591 Phario
508 543 573 592 satis
585 557 644 591 esse
655 547 773 605 tyranno
838 543 889 594 555

96 613 175 673 Quod
187 618 304 677 poterat,
311 611 448 661 Ronlanus
456 617 522 661 erat.
546 610 829 670 Quidvisceranostre

94 679 232 731 Scrutaris
243 678 351 745 gladiol
370 678 474 741 Nescis,
486 694 553 744 puer
562 679 696 745 improbe,
707 681 805 742 noscis,

95 751 156 810 Quo
169 755 218 799 tua
228 750 264 798 sit
275 749 396 797 Fortuna
406 749 483 797 loeo:
501 751 555 798 ium
566 749 624 799 iure
633 749 691 798 sine
702 749 757 799 ullo

93 817 148 868 Nili
160 823 270 883 sceptra
280 824 371 867 tenes:
391 817 489 866 cecidit
500 817 621 867 ciuilibus
634 818 725 880 armis,

95 888 148 947 Qui
159 887 208 935 tibi
219 901 303 952 regna
313 885 395 935 dedit.
838 886 888 936 560

424 953 481 1002 lam
493 959 573 1002 rento
584 954 645 1003 vela
655 961 770 1021 negarat

93 1025 219 1089 Magnus,
231 1029 259 1073 et
270 1023 369 1072 auxilio
380 1036 516 1070 remorum
526 1021 638 1071 infanda
648 1023 761 1087 petebat

93 1093 204 1141 Litora:
225 1107 304 1157 quem
317 1097 420 1150 eontra,
432 1104 486 1140 nou
496 1090 579 1155 longa
588 1097 668 1139 vecta
677 1091 782 1151 biremi,

92 1161 241 1225 Adpulerat
252 1159 386 1209 scelerata
396 1173 503 1207 manus:
522 1158 678 1224 Magnoque
690 1164 784 1223 patere

92 1230 212 1293 Fingens
223 1242 308 1292 regna
316 1225 408 1287 Phari,
421 1228 510 1276 celsae
521 1226 555 1275 de
566 1241 656 1291 puppe
667 1228 776 1278 carinae

92 1298 124 1344 ln
136 1309 247 1360 paruam
257 1295 332 1344 iubet
340 1296 381 1344 ire
393 1301 489 1356 ratem,
500 1296 617 1360 litusque
629 1296 775 1363 malignum
838 1296 888 1347 565

93 1365 212 1423 lncusat,
222 1362 407 1430 bimaremque
417 1364 492 1414 vadis
504 1363 691 1430 frangentibus
703 1371 817 1428 aestum,

94 1433 147 1494 Qui
157 1438 232 1480 vetet
242 1437 368 1482 externas
378 1434 458 1483 terris
470 1432 612 1482 advertero
624 1433 732 1484 classes.

92 1501 173 1561 Quod
185 1502 237 1550 nisi
247 1500 366 1551 fatorum
378 1500 461 1568 leges,
471 1503 630 1568 intentaque
640 1504 715 1553 iussu

91 1570 201 1619 Ordinis
213 1571 317 1619 aeterni
327 1571 442 1621 miserae
453 1572 552 1620 ticinio
563 1572 658 1621 mortis

91 1640 257 1688 Damnatum
268 1639 324 1689 loto
335 1637 476 1690 traherent
487 1640 522 1690 ad
530 1640 613 1691 litora
623 1641 766 1708 Magnum3
837 1642 887 1690 oto

91 1707 153 1758 Non
165 1708 212 1757 ulli
223 1709 352 1759 comitum
362 1709 473 1759 sceleris
484 1710 628 1776 praesagia
638 1710 759 1761 deerant

92 1777 208 1842 Quippe,
221 1777 288 1827 fides
300 1779 321 1826 si
333 1793 401 1842 pura
413 1777 494 1838 foret,
506 1780 529 1827 si
541 1779 617 1845 regia
627 1779 740 1844 Magno,

92 1844 268 1911 Sceptrorum
282 1848 396 1906 auctori,
408 1860 472 1895 vera
483 1847 585 1911 pietate
596 1850 712 1910 pateret,

90 1915 242 1966 Venturum
248 1921 314 1975 ¹tota
324 1912 452 1963 Pharium
463 1930 525 1964 eum
537 1914 624 1965 classe
635 1920 789 1978 tyrannum.

90 1981 145 2033 Sed
159 1984 231 2034 cedit
242 1983 315 2044 fatis,
327 1983 495 2049 classemque
505 1984 658 2049 relinquere
668 1984 757 2034 iussus
837 1981 888 2032 5¹15

92 2053 265 2118 Obsequitur‚
277 2052 415 2117 letumque
425 2053 502 2101 iuvat
512 2051 651 2117 praeferre
660 2052 761 2101 timori„

90 2121 153 2171 lbat
162 2123 190 2170 in
202 2120 327 2171 hostilem
340 2134 471 2185 praeceps
482 2120 608 2170 Cornelia
619 2120 739 2184 puppim,

91 2190 154 2239 Hoc
165 2192 251 2256 magis
261 2190 406 2254 impatiens
418 2203 529 2255 egresso
541 2188 635 2238 deesse
648 2188 757 2249 marito,

92 2259 173 2318 Quod
184 2260 281 2309 metuit
293 2258 391 2308 clades.
411 2256 539 2318 Restione,
549 2256 695 2307 temerario
706 2255 831 2318 coniunx,

36 2325 39 2331 '
90 2327 130 2378 Et
143 2336 182 2389 tu,
194 2337 265 2388 itate,
274 2343 380 2394 precor,
393 2328 522 2393 longeque
534 2343 547 2377 e
559 2325 639 2377 litore
651 2341 730 2378 corus
836 2326 887 2376 580

88 2396 256 2463 Exspectate
268 2412 353 2446 ruem:
372 2405 398 2446 et
409 2395 438 2446 in
448 2394 499 2447 leuc
509 2395 612 2448 cervice
630 2394 742 2462 tyranni

88 2463 243 2530 Explorate
247 2466 340 2533 fidem,
351 2465 426 2515 dixit.
446 2463 500 2515 Sed
512 2465 580 2515 dura
591 2464 696 2514 vetanti

38 2537 41 2544 '
90 2534 236 2584 ‘l'endebat
247 2536 368 2601 geminas
380 2548 472 2584 amens
484 2534 610 2584 Cornelia
620 2533 738 2599 palmas:

91 2599 152 2661 Quo
164 2603 220 2656 sine
232 2603 414 2666 intercedatis,
427 2602 503 2653 alis?
532 2603 668 2654 Iterumne
680 2601 817 2669 relinquor
871 2613 874 2621 ·

90 2670 380 2723 Tltessalicissudmoto
391 2672 489 2722 nitelis?
509 2673 656 2738 stanneam
664 2672 825 2724 oritinelueto
836 2671 886 2719 595
