1956 3106
154 103 187 154 16
322 105 359 153 Μ.
396 104 497 154 ΑΝΝ.
534 106 715 156 Lucaa't

92 223 142 273 480
154 224 291 274 Mentibus
303 226 430 285 occurrit,
444 227 570 291 victaque
580 226 723 275 immanior
736 224 822 277 hoste.
888 233 891 237 ’

153 293 234 343 Hune
245 295 316 343 inter
329 292 449 344 Rhenum
462 295 576 360 populos
588 295 721 360 Alpesque
731 296 862 359 iacentes,

152 363 264 412 Finibus
274 365 390 423 Aretois,
404 366 545 429 patriaque
559 365 650 413 aselle
664 364 784 413 revulsos
851 401 853 404 -

152 431 228 480 Pone
239 435 323 499 sequi,
335 434 488 498 iussamque
500 433 565 481 feris
578 449 594 481 a
604 433 729 498 gentibus
741 433 845 494 urbem,

153 500 276 550 Romano
290 508 441 566 spectante,
456 502 523 566 rapi.
544 499 588 550 Sic
601 502 713 567 quisque
725 504 849 567 pavendo

90 568 141 618 485
153 569 209 618 Dat
222 572 291 619 rires
304 569 405 618 fernme:
424 569 551 635 nulleque
564 578 676 619 auctore
688 571 829 632 malorum,

153 639 229 698 Quae
240 639 342 687 tirixere
355 639 458 687 timent.
478 637 535 687 Nee
546 638 632 687 solum
644 640 738 705 vulgus
749 642 821 688 inani

151 707 308 756 Perculsum
321 713 426 756 terrore
438 714 532 772 paret:
551 707 599 755 sed
612 708 700 768 curia,
714 715 741 757 et
752 710 803 774 ipsi
876 708 879 712 ’

153 774 267 823 Sedibus
279 776 411 824 exsiluere
424 776 529 836 Patres,
540 776 679 842 invisaque
690 776 752 826 belli

64 896 66 900 Α
153 843 313 893 Consulibus
325 843 431 910 fugiens
442 845 552 894 mandat
564 845 676 894 decreta
687 854 805 898 senatus.

90 910 142 960 490
153 913 231 961 'l'une
244 929 312 978 quae
325 919 385 962 tuta
398 920 504 979 petant,
527 921 554 964 et
571 930 639 980 quae
651 916 797 964 metuenda
813 918 890 966 relin-

630 992 721 1049 quant,

152 1051 322 1117 lncerti,quo
336 1067 468 1118 quemque
480 1051 561 1118 fugae
568 1052 629 1101 tulit
641 1054 767 1118 impetus,
775 1064 891 1120 urguent

152 1117 335 1186 Praecipitem
349 1121 486 1186 populum,
499 1123 623 1187 serieque
637 1119 780 1171 lraerentia
792 1123 874 1190 lunga

152 1190 267 1254 Agmina
279 1198 464 1257 primumpunt.
492 1190 603 1250 Credas,
615 1197 661 1239 aut
674 1198 747 1240 tecta
760 1192 889 1241 nefandas

154 1260 324 1325 Corripuisse
336 1260 425 1320 faces,
438 1268 485 1309 aut
495 1261 563 1321 iam,
575 1262 714 1326 quatiente
727 1262 812 1322 ruina,

90 1325 141 1376 495
155 1327 289 1378 Nutantes
302 1330 419 1394 pemlere
433 1329 541 1377 denies:
562 1330 600 1377 sie
612 1329 692 1377 turba
704 1345 752 1392 per
763 1330 856 1377 urbem

151 1396 298 1460 Praecipiti
311 1395 451 1460 lymphata
463 1396 562 1460 gradu,
574 1396 648 1443 velut
659 1397 739 1442 unica
750 1396 828 1443 rebus

151 1461 221 1527 Spes
233 1464 305 1512 feret
317 1463 445 1521 adflictis,
458 1463 559 1526 patries
573 1461 705 1509 excedere
717 1477 817 1520 mures,

149 1529 309 1581 inconsulta
322 1533 382 1580 ruit.
409 1529 516 1588 Qtralis,
529 1544 608 1592 quum
622 1527 745 1577 turbidus
756 1530 854 1577 Auster
882 1571 886 1576 .

151 1599 185 1649 lli
194 1600 260 1665 pulit
272 1616 289 1648 a
300 1600 412 1662 Libyeis
424 1599 582 1645 immensum
595 1594 721 1658 Syrtibus
732 1612 843 1662 nequer,

92 1668 141 1718 tta
156 1671 307 1734 Frartaque
320 1666 420 1714 veliferi
432 1670 580 1713 senuerunt
592 1664 713 1729 pondera
726 1666 798 1726 niali,

152 1738 251 1787 Desilit
262 1739 286 1785 in
300 1735 409 1794 fluctus,
423 1733 532 1782 deserta
544 1748 642 1798 puppe,
654 1735 792 1799 niagister‚

151 1807 313 1871 Navitaque,
324 1812 359 1862 et,
372 1803 489 1850 rmndum
501 1817 596 1867 sparsa
608 1817 740 1870 compage
752 1806 868 1867 carinae,

151 1874 328 1939 Naufragium
342 1873 390 1920 sibi
404 1872 515 1936 quisque
526 1869 605 1919 tacit:
623 1872 675 1933 sie,
687 1873 754 1924 urbe
766 1875 870 1935 relicta,

152 1946 182 1993 111
194 1943 291 1991 bellum
305 1940 413 2007 fugitur.
434 1939 541 1989 Nullum
553 1940 606 1988 iam
619 1941 762 2008 languidus
776 1959 842 1993 aevn

90 2011 259 2062 5151111111
272 2024 401 2060 rereeare
414 2024 525 2074 parens,
537 2011 688 2061 coniunxi-e
701 2015 825 2061 maritum

150 2081 285 2140 Fletibus,
297 2087 344 2129 aut
356 2080 449 2145 patrii,
462 2078 560 2127 dubiae
572 2079 635 2128 dum
646 2088 711 2129 veta
721 2081 815 2128 salutis

152 2151 340 2215 Conriperent,
347 2157 459 2198 tenuere
472 2148 570 2198 hares:
582 2165 632 2198 nec
643 2149 733 2198 limine
744 2148 883 2214 quisquam

150 2220 256 2278 Haesit,
269 2228 296 2269 et
308 2227 430 2269 extreme
443 2225 507 2268 tnnc
519 2216 630 2267 forsitan
643 2217 715 2265 urbis
728 2222 833 2266 amatae

150 2288 248 2338 l‘lenus
260 2288 317 2338 abit
328 2290 398 2337 risu:
416 2289 468 2337 ruit
480 2286 656 2336 irrevocabile
668 2285 771 2351 vulgus.

87 2356 141 2407 tto
153 2358 175 2406 0
188 2357 282 2407 faciles
294 2358 359 2407 <lare
372 2373 476 2406 summa
488 2356 563 2414 deos,
575 2355 724 2420 eademqne
736 2356 806 2404 tueri

150 2425 294 2475 Dillieiles!
316 2427 422 2484 Urbem,
437 2423 541 2491 pupulis
552 2426 684 2490 uictisque
696 2423 866 2490 frequentem

151 2494 297 2553 Gentibus,
310 2502 338 2543 et
348 2496 468 2561 generis,
479 2502 559 2544 coeat
570 2495 590 2542 si
603 2493 691 2554 turba,
703 2508 832 2558 capacem
882 2490 885 2495 ’

149 2563 282 2621 Humani,
293 2561 399 2613 facilem
413 2572 526 2614 venture
537 2565 654 2614 Caesare
667 2563 795 2629 praedam

150 2632 268 2708 ignarae
280 2632 381 2698 liquere
393 2649 495 2684 nunnus.
516 2634 582 2682 Cum
594 2648 703 2700 pressus
716 2632 749 2681 ab
762 2629 840 2681 boste
