1956 3106
205 176 489 227 PllARSlLlA.
526 177 615 228 LlB.
638 179 706 229 Vll.
769 177 820 229 163

86 297 179 345 Monte
192 297 304 361 agitant,
318 294 468 360 capuloque
480 310 575 345 manus
587 296 698 346 absente
710 312 819 347 moven-

555 368 607 413 tur.

59 465 64 473 ·
83 433 249 498 Ingemuisse
261 438 339 497 putes
351 447 470 497 campos,
483 439 637 498 terramque
649 439 792 484 nocentem

64 500 66 505 ’
84 502 232 567 lnspirasse
245 501 356 561 arrimas,
367 499 551 568 infectumque
563 516 628 550 aera
639 507 727 551 totum

82 570 208 619 Manibus
220 575 247 618 et
258 583 385 634 superam
396 567 494 636 Stygia
505 569 648 621 formidine
660 575 777 620 noctem.
827 573 877 621 tto

82 641 133 689 Exi
156 640 175 686 't
188 653 204 686 a
212 638 317 688 miseris
328 639 420 688 tristes
431 639 547 688 victoria
556 654 666 704 poenas,

83 707 138 757 Sibi
152 704 470 772 aqueetllammasinfert
480 722 576 774 sopor:
595 708 692 757 umbra
703 702 825 773 peremti‘

83 777 154 825 Civis
166 775 257 824 adest:
278 791 327 825 sua
338 791 471 843 quemque
482 778 580 841 premit
588 777 701 826 terroris
712 779 812 842 imago.

82 843 129 893 llle
141 859 234 894 senum
246 843 344 905 tultus,
355 845 481 894 iuvenum
492 845 567 894 videt
576 845 621 895 ille
632 846 746 912 figuras:

80 914 162 962 Hunc
174 914 278 980 agitant
288 915 354 963 totis
365 913 487 963 fraterna
498 913 632 965 cadavera
643 915 757 964 somniet
825 914 876 963 775

66 979 440 1048 -Pectoreinhoepate1·est:
459 984 815 1047 omnesinCaesaremaues.

80 1051 163 1101 lluud
174 1051 250 1112 alios,
262 1050 381 1100 nondum
394 1047 525 1115 Scythica
538 1056 668 1116 purgatus
678 1052 705 1098 in
716 1066 772 1110 ara,

80 1120 259 1170 Eumenidum
272 1119 338 1169 vidit
348 1118 437 1169 vultus
449 1118 594 1183 Pelopeius
607 1119 731 1167 Orestes:

80 1188 138 1238 Nec
149 1190 235 1254 magis
247 1187 385 1237 adtonitos
398 1187 478 1237 animi
491 1200 601 1237 sensere
611 1185 750 1246 tumultus,

81 1260 147 1308 Cum
159 1254 425 1318 fureret‚Pentheus‚
438 1261 493 1316 aut,
507 1255 805 1320 cumdesisset‚Agare.
825 1256 875 1304 tuo

79 1326 161 1374 Hunc
173 1339 266 1374 omnes
278 1324 368 1390 gladii,
382 1340 448 1391 quos
461 1329 508 1374 aut
518 1321 660 1374 Pharsalia
671 1323 745 1384 sidit,

79 1395 132 1443 Aut
141 1392 224 1443 ultrix
235 1394 326 1443 visura
337 1394 403 1455 dies,
415 1394 480 1443 strin
501 1398 564 1443 ente
576 1398 683 1454 senatu,

78 1405 819 1529 lllanoctepremunt:huncinfieramonstruflagellant.
914 1465 916 1468 ’

79 1533 139 1582 Heu
153 1542 280 1600 quantum
292 1547 396 1598 poenae
408 1532 508 1582 misero
515 1546 590 1581 mens
599 1531 709 1582 conscia
720 1531 812 1593 donat,

79 1602 156 1663 Quod
174 1600 275 1670 Styga,
298 1601 370 1669 quod
387 1617 494 1663 manes,
515 1601 675 1669 ingestaque
694 1600 811 1650 Tartara

550 1671 660 1733 soumis,
821 1669 872 1719 785

77 1739 209 1804 Pompeio
220 1741 336 1802 vivente,
348 1739 434 1790 videt!
455 1741 558 1790 'l'amen
572 1741 662 1789 omnia
672 1752 752 1804 passo

76 1810 227 1873 Postquam
241 1807 315 1858 clara
327 1809 384 1858 dies
394 1805 554 1858 Pharsalica
564 1807 662 1857 danrna
672 1808 781 1868 retexit,

77 1877 159 1928 Nulla
167 1876 219 1924 loci
232 1875 317 1925 facies
327 1881 441 1926 revocat
450 1875 580 1926 feralibus
592 1878 663 1926 arsis

79 1946 233 1995 Haerentes
246 1942 348 1993 oculos.
378 1944 470 1993 Cernit
499 1943 717 2010 ropulsacruore

79 2013 213 2074 Flumina,
225 2017 252 2062 ot
264 2010 387 2061 excelsos
400 1961 512 2062 cumulis
525 2015 670 2079 aequantia
680 2011 762 2061 colles
822 2011 874 2061 tou

80 2086 211 2149 Corpora,
224 2081 367 2147 depressos
378 2081 405 2128 in
416 2080 506 2131 tabem
519 2086 627 2146 spectat
638 2094 759 2141 acervos,
776 2122 779 2127 ,

78 2155 115 2202 Et
126 2153 217 2218 Magni
230 2155 355 2200 numerat
367 2148 496 2216 populos:
517 2148 654 2214 epulisque
665 2155 777 2214 paratur

79 2222 222 2282 illelmus,
234 2220 324 2269 vultus
337 2232 370 2268 er
382 2233 434 2285 quo
446 2215 585 2284 faciesque
594 2217 732 2267 iacentum

78 2294 223 2359 Agnoscat.
251 2291 330 2339 luvat
339 2283 494 2338 Emathiam
506 2300 559 2335 non
571 2301 683 2336 cernere
693 2292 795 2349 terram
885 2333 886 2336 ,

79 2361 115 2409 ut
125 2360 240 2410 lustrare
253 2358 338 2408 oculis
352 2371 463 2423 campos
474 2355 522 2406 sub
535 2355 611 2405 clade
623 2356 759 2407 lucentes:
822 2355 874 2405 ’195

79 2431 227 2478 Fortunam
239 2441 406 2494 superosque
419 2440 484 2476 suos
495 2426 522 2474 in
534 2425 664 2492 sanguine
677 2427 770 2475 ceruit.
815 2466 818 2471 .

78 2500 116 2547 Ac
128 2513 160 2545 ne
173 2497 245 2548 laeta
256 2496 349 2547 furens
360 2494 491 2545 scelerum
503 2492 661 2612 spectacula
670 2494 776 2560 perdat,

78 2566 185 2616 inridet
196 2567 257 2632 igno
269 2567 328 2632 rugi
337 2565 453 2625 miseris,
466 2578 516 2614 coe
528 2579 543 2613 o
564 2577 598 2613 ue
609 2565 719 2614 nocenti

79 2635 181 2701 lngcu't
192 2632 354 2684 Emathiam.
385 2631 445 2683 Non
457 2631 530 2682 illum
541 2580 650 2683 {lomus
661 2630 788 2685 humator

77 2703 212 2769 Consulis.
226 2702 371 2770 etLibyca
383 2716 531 2752 succensae
541 2701 666 2821 lanrppdp
679 2705 786 2754 Cannae
823 2703 874 2751 800
