1950 3218
149 128 199 181 130
321 129 359 180 Μ.
394 126 494 178 ΑΝΝ.
529 122 685 178 LUGAN

150 248 235 314 inque
246 247 375 313 pruinoso
388 245 498 296 coluber
509 244 670 295 distenditur
679 260 755 295 erro.

90 316 142 367 400
155 316 266 383 Viperei
277 321 384 375 coeunt,
398 314 512 379 obrupto
525 328 648 379 corpore,
660 313 737 363 nodie
772 337 775 343 ·

136 404 139 409 ·
153 385 333 450 Humanoque
345 382 418 432 rudit
428 397 540 446 serpens
551 381 652 434 adflata
662 396 775 432 veneno.

207 454 272 514 Quis
285 452 361 502 labor
376 449 419 500 hic
435 451 549 514 superis,
564 456 661 501 cantus
677 449 829 569 hgrbesque
840 466 861 503 st

639 534 691 569 ueu
710 534 729 579 1,

154 587 356 655 Spernendique
366 584 464 636 timori
483 588 558 637 cuius
569 535 733 639 eomqmercia
743 594 816 653 pecti

155 658 308 708 Obstrictos
320 654 438 705 habuere
450 654 532 706 deosi
551 655 652 707 Parere
664 671 776 707 neeesse
787 664 840 720 est,

92 727 143 778 405
154 727 193 776 An
204 722 296 775 iurati
306 726 401 792 ignoto
412 730 516 774 tontum
527 725 628 790 pietate
637 730 785 786 merentur,

151 796 190 844 An
202 794 293 842 tacitis
303 793 412 843 valuere
424 791 519 843 minist
538 794 600 842 Hoc
611 793 677 844 iuris
686 794 713 844 in
726 808 821 845 omnes

152 864 203 913 Est
212 861 264 911 iilis
275 875 397 928 superos,
410 877 444 912 an
454 860 556 912 hebent
565 859 633 912 haec
644 863 765 913 carmine
775 869 861 915 eertur

150 931 299 997 Imperiosa
310 930 399 992 deum,
411 931 455 996 qui
466 930 593 980 mundum
606 945 713 997 cogere,
725 931 855 998 quiequid

152 1001 263 1067 Cogitur
272 1000 339 1065 ipse,
350 998 459 1066 potesti
487 999 544 1050 lilio
556 1005 585 1050 et
594 999 685 1050 sidera
694 1000 809 1065 primum

92 1070 142 1119 500
152 1070 299 1134 Praecipiti
310 1069 428 1120 deducta
438 1069 515 1135 polo:
535 1066 699 1136 Phoebeque
710 1082 809 1121 serena

151 1137 174 1188 N
177 1155 211 1188 on
223 1139 309 1201 aliter,
321 1139 386 1189 diris
395 1138 539 1188 verborum
551 1137 662 1189 obsessa
671 1138 791 1200 venenis,

152 1208 259 1270 Palluit,
270 1213 298 1258 et
305 1208 396 1274 nigris,
408 1207 575 1272 terrenisque
586 1205 692 1272 ignibus
703 1206 778 1267 ursit,

153 1278 240 1338 Quem
251 1277 273 1327 si
285 1275 406 1327 fraterna
416 1273 574 1342 prohiberet
582 1275 699 1341 imagine
710 1273 800 1336 telius,

151 1347 337 1411 Insereretque
349 1360 412 1395 suas
422 1343 536 1394 flammis
546 1342 709 1394 coelestibus
717 1342 838 1397 umbros.

92 1414 141 1464 505
154 1416 188 1464 ut
200 1415 303 1479 patitur
311 1419 402 1464 tantus
414 1420 495 1463 cantu
505 1412 639 1478 deprensa
648 1410 756 1463 labores

151 1483 247 1532 Donec
258 1482 412 1548 suppositas
424 1482 536 1546 propior
546 1480 688 1546 despumet
696 1480 724 1531 iu
735 1477 845 1537 herbae

203 1551 263 1601 Hos
273 1550 404 1600 scelerum
412 1551 488 1610 ritus,
499 1547 568 1600 haee
576 1551 651 1601 dirae
663 1550 861 1618 earminagenti

157 1617 250 1668 Effera
262 1618 404 1668 damnarat
415 1619 513 1668 nimiae
524 1619 633 1683 pietatis
643 1614 786 1682 Erichtho,

150 1688 233 1753 inque
243 1701 327 1737 novos
339 1689 405 1736 ritus
416 1687 546 1753 pollutam
559 1689 675 1740 duxerat
686 1693 782 1740 artem.

14 1762 18 1767 '
90 1756 140 1804 510
152 1756 193 1805 1111
203 1770 318 1822 namque
330 1756 406 1807 nefas
415 1757 489 1806 urbis
500 1757 660 1809 submittere
669 1762 744 1810 tecto

148 1827 201 1875 Aut
210 1825 310 1876 laribus
321 1824 405 1876 ferale
416 1831 511 1891 eaput:
533 1826 694 1894 desertaque
702 1825 785 1877 busto

150 1895 254 1957 incolit,
267 1900 294 1944 et
306 1894 422 1945 tumulos
433 1894 550 1960 expulsis
561 1896 666 1947 obtinet
675 1895 787 1956 umbris,

150 1963 236 2013 Grata
247 1964 304 2013 deis
316 1963 398 2013 erebi.
427 1965 526 2015 Coetus
538 1965 631 2015 audire
642 1965 776 2025 silentum,

150 2031 236 2082 Nosse
249 2033 344 2082 domos
357 2030 476 2099 Stygias,
488 2049 641 2101 arcanaque
653 2034 725 2083 Ditis
736 2034 827 2100 operti

90 2101 139 2149 515
152 2101 210 2151 Non
224 2103 322 2167 superi,
333 2116 387 2152 non
397 2103 453 2152 vita
463 2108 546 2152 vetat.
575 2105 663 2153 Tenet
675 2117 724 2152 oru
733 2100 861 2168 profanae

151 2171 243 2220 Foede
252 2173 306 2222 situ
316 2171 425 2233 macies,
438 2172 568 2238 coeloque
578 2173 673 2238 ignoto
684 2185 780 2221 sereno

150 2240 289 2290 Terribilis
301 2239 397 2308 Stygio
408 2239 492 2291 facies
504 2240 606 2306 pallore
618 2245 756 2308 gravatur,

152 2309 266 2374 imperis
278 2315 391 2360 onerata
403 2311 495 2360 connis.
524 2307 553 2358 Si
565 2310 679 2370 nimbus,
691 2319 719 2361 et
729 2316 808 2360 utrae

143 2375 245 2427 -Sidera
255 2378 408 2428 subducunt
417 2379 510 2439 nubes,
524 2385 588 2428 tunc
599 2377 734 2428 Thessalo
744 2378 825 2430 nudis

88 2443 138 2491 520
151 2446 296 2511 Egreditur
304 2447 399 2509 bustis,
410 2455 596 2514 nocturnaque
606 2447 714 2515 fulgure
723 2451 828 2513 ceptot.

148 2511 255 2564 Semina
266 2515 416 2566 foecundae
427 2518 527 2583 segetis
538 2517 643 2567 calcata
656 2516 780 2582 perussit,

147 2582 183 2631 Et
193 2599 245 2632 non
257 2584 377 2636 letiferas
386 2585 513 2651 spirando
526 2585 643 2650 perdidit
653 2600 741 2635 aures.

85 2700 88 2707 ,
146 2649 205 2700 Neo
218 2667 331 2716 superos
345 2661 413 2716 orat,
426 2669 476 2705 nec
489 2660 570 2705 cantu
581 2655 702 2722 supplice
713 2669 812 2706 numen
