<?xml version="1.0" encoding="UTF-8"?>
<!DOCTYPE html PUBLIC "-//W3C//DTD XHTML 1.0 Transitional//EN"
    "http://www.w3.org/TR/xhtml1/DTD/xhtml1-transitional.dtd">
<html xmlns="http://www.w3.org/1999/xhtml" xml:lang="en" lang="en">
 <head>
  <title>
</title>
<meta http-equiv="Content-Type" content="text/html;charset=utf-8" />
  <meta name='ocr-system' content='tesseract 3.04.00' />
  <meta name='ocr-capabilities' content='ocr_page ocr_carea ocr_par ocr_line ocrx_word'/>
</head>
<body>
  <div class='ocr_page' id='page_1' title='image "./mannaeilucaniph01lucagoog_0050.png"; bbox 0 0 1956 3106; ppageno 0'>
   <div class='ocr_carea' id='block_1_1' title="bbox 225 210 828 264">
    <p class='ocr_par' dir='ltr' id='par_1_1' title="bbox 225 210 828 264">
     <span class='ocr_line' id='line_1_1' title="bbox 225 210 828 264; baseline 0.003 -2"><span class='ocrx_word' id='word_1_1' title='bbox 225 210 515 264; x_wconf 81' lang='lat' dir='ltr'><strong><em>PHARSALIA.</em></strong></span> <span class='ocrx_word' id='word_1_2' title='bbox 551 212 641 264; x_wconf 86' lang='lat' dir='ltr'><strong>LlB.</strong></span> <span class='ocrx_word' id='word_1_3' title='bbox 660 213 694 264; x_wconf 87' lang='lat'><strong><em>11.</em></strong></span> <span class='ocrx_word' id='word_1_4' title='bbox 793 212 828 264; x_wconf 79' lang='lat'><strong><em>41</em></strong></span> 
     </span>
    </p>
   </div>
   <div class='ocr_carea' id='block_1_2' title="bbox 89 330 891 608">
    <p class='ocr_par' dir='ltr' id='par_1_2' title="bbox 89 330 891 469">
     <span class='ocr_line' id='line_1_2' title="bbox 89 330 891 399; baseline 0 -17"><span class='ocrx_word' id='word_1_5' title='bbox 89 331 283 399; x_wconf 74' lang='lat' dir='ltr'><strong><em>Riphaeosque</em></strong></span> <span class='ocrx_word' id='word_1_6' title='bbox 295 347 403 391; x_wconf 76' lang='lat' dir='ltr'><strong><em>inuisus,</em></strong></span> <span class='ocrx_word' id='word_1_7' title='bbox 416 339 441 381; x_wconf 91' lang='lat' dir='ltr'><strong><em>et</em></strong></span> <span class='ocrx_word' id='word_1_8' title='bbox 453 346 520 394; x_wconf 83' lang='lat' dir='ltr'><strong><em>quas</em></strong></span> <span class='ocrx_word' id='word_1_9' title='bbox 531 340 601 382; x_wconf 86' lang='lat' dir='ltr'><strong><em>tenet</em></strong></span> <span class='ocrx_word' id='word_1_10' title='bbox 612 346 726 394; x_wconf 83' lang='lat' dir='ltr'><strong><em>aequore</em></strong></span> <span class='ocrx_word' id='word_1_11' title='bbox 738 333 818 382; x_wconf 85' lang='lat' dir='ltr'><strong><em>denso</em></strong></span> <span class='ocrx_word' id='word_1_12' title='bbox 838 330 891 382; x_wconf 82' lang='grc'><strong>646</strong></span> 
     </span>
     <span class='ocr_line' id='line_1_3' title="bbox 89 398 805 469; baseline -0.003 -17"><span class='ocrx_word' id='word_1_13' title='bbox 89 400 178 468; x_wconf 82' lang='lat' dir='ltr'><strong><em>Pigra</em></strong></span> <span class='ocrx_word' id='word_1_14' title='bbox 186 404 268 466; x_wconf 76' lang='lat' dir='ltr'><strong><em>potus</em></strong></span> <span class='ocrx_word' id='word_1_15' title='bbox 280 398 402 469; x_wconf 75' lang='lat' dir='ltr'><strong><em>Scythici</em></strong></span> <span class='ocrx_word' id='word_1_16' title='bbox 409 398 519 465; x_wconf 78' lang='lat' dir='ltr'><strong><em>potiens</em></strong></span> <span class='ocrx_word' id='word_1_17' title='bbox 530 398 667 450; x_wconf 82' lang='lat' dir='ltr'><strong><em>Maeotica</em></strong></span> <span class='ocrx_word' id='word_1_18' title='bbox 676 400 805 464; x_wconf 74' lang='lat' dir='ltr'><strong><em>plaustri.</em></strong></span> 
     </span>
    </p>

    <p class='ocr_par' dir='ltr' id='par_1_3' title="bbox 89 469 829 608">
     <span class='ocr_line' id='line_1_4' title="bbox 92 469 829 536; baseline -0.003 -16"><span class='ocrx_word' id='word_1_19' title='bbox 92 470 146 521; x_wconf 80' lang='lat' dir='ltr'><strong><em>Sed</em></strong></span> <span class='ocrx_word' id='word_1_20' title='bbox 156 469 221 536; x_wconf 84' lang='lat' dir='ltr'><strong><em>quid</em></strong></span> <span class='ocrx_word' id='word_1_21' title='bbox 228 474 310 535; x_wconf 80' lang='lat' dir='ltr'><strong><em>pluro</em></strong></span> <span class='ocrx_word' id='word_1_22' title='bbox 322 469 430 520; x_wconf 77' lang='lat' dir='ltr'><strong><em>moror?</em></strong></span> <span class='ocrx_word' id='word_1_23' title='bbox 448 477 517 518; x_wconf 87' lang='lat' dir='ltr'><strong><em>totos</em></strong></span> <span class='ocrx_word' id='word_1_24' title='bbox 528 484 599 530; x_wconf 87' lang='lat' dir='ltr'><strong><em>mea,</em></strong></span> <span class='ocrx_word' id='word_1_25' title='bbox 610 477 681 527; x_wconf 82' lang='lat' dir='ltr'><strong><em>note,</em></strong></span> <span class='ocrx_word' id='word_1_26' title='bbox 691 483 743 532; x_wconf 82' lang='lat' dir='ltr'><strong><em>per</em></strong></span> <span class='ocrx_word' id='word_1_27' title='bbox 753 478 829 520; x_wconf 87' lang='lat' dir='ltr'><strong><em>ortus</em></strong></span> 
     </span>
     <span class='ocr_line' id='line_1_5' title="bbox 89 535 713 608; baseline -0.005 -19"><span class='ocrx_word' id='word_1_28' title='bbox 89 538 167 590; x_wconf 85' lang='lat' dir='ltr'><strong><em>Bello</em></strong></span> <span class='ocrx_word' id='word_1_29' title='bbox 174 539 261 608; x_wconf 68' lang='lat' dir='ltr'><strong><em>fieus,</em></strong></span> <span class='ocrx_word' id='word_1_30' title='bbox 274 548 382 604; x_wconf 89' lang='lat' dir='ltr'><strong><em>totoque</em></strong></span> <span class='ocrx_word' id='word_1_31' title='bbox 392 537 470 588; x_wconf 79' lang='lat' dir='ltr'><strong><em>urbes</em></strong></span> <span class='ocrx_word' id='word_1_32' title='bbox 481 535 603 605; x_wconf 80' lang='lat' dir='ltr'><strong><em>agitabis</em></strong></span> <span class='ocrx_word' id='word_1_33' title='bbox 612 537 640 589; x_wconf 86' lang='lat' dir='ltr'><strong><em>in</em></strong></span> <span class='ocrx_word' id='word_1_34' title='bbox 651 537 713 587; x_wconf 84' lang='lat' dir='ltr'><strong><em>orbe</em></strong></span> 
     </span>
    </p>
   </div>
   <div class='ocr_carea' id='block_1_3' title="bbox 70 605 916 2808">
    <p class='ocr_par' dir='ltr' id='par_1_4' title="bbox 90 605 905 1020">
     <span class='ocr_line' id='line_1_6' title="bbox 91 605 796 671; baseline -0.007 -13"><span class='ocrx_word' id='word_1_35' title='bbox 91 608 279 659; x_wconf 85' lang='lat' dir='ltr'><strong><em>Perdomitas:</em></strong></span> <span class='ocrx_word' id='word_1_36' title='bbox 291 623 377 658; x_wconf 74' lang='lat' dir='ltr'><strong><em>orienes</em></strong></span> <span class='ocrx_word' id='word_1_37' title='bbox 389 607 502 657; x_wconf 78' lang='lat' dir='ltr'><strong><em>redeant</em></strong></span> <span class='ocrx_word' id='word_1_38' title='bbox 511 607 540 657; x_wconf 86' lang='lat' dir='ltr'><strong><em>in</em></strong></span> <span class='ocrx_word' id='word_1_39' title='bbox 552 615 644 657; x_wconf 88' lang='lat' dir='ltr'><strong><em>castro</em></strong></span> <span class='ocrx_word' id='word_1_40' title='bbox 656 605 796 671; x_wconf 79' lang='lat' dir='ltr'><strong><em>triumphi.</em></strong></span> 
     </span>
     <span class='ocr_line' id='line_1_7' title="bbox 90 673 890 746; baseline -0.003 -20"><span class='ocrx_word' id='word_1_41' title='bbox 90 675 130 726; x_wconf 86' lang='lat' dir='ltr'><strong><em>Et</em></strong></span> <span class='ocrx_word' id='word_1_42' title='bbox 140 693 194 736; x_wconf 78' lang='lat' dir='ltr'><strong><em>ooo,</em></strong></span> <span class='ocrx_word' id='word_1_43' title='bbox 207 677 253 741; x_wconf 86' lang='lat' dir='ltr'><strong><em>qui</em></strong></span> <span class='ocrx_word' id='word_1_44' title='bbox 264 675 360 726; x_wconf 84' lang='lat' dir='ltr'><strong><em>Latios</em></strong></span> <span class='ocrx_word' id='word_1_45' title='bbox 371 676 489 741; x_wconf 80' lang='lat' dir='ltr'><strong><em>signatis</em></strong></span> <span class='ocrx_word' id='word_1_46' title='bbox 501 675 714 746; x_wconf 79' lang='lat' dir='ltr'><strong><em>nocerinesastos,</em></strong></span> <span class='ocrx_word' id='word_1_47' title='bbox 838 673 890 724; x_wconf 80' lang='grc'><strong>645</strong></span> 
     </span>
     <span class='ocr_line' id='line_1_8' title="bbox 90 743 789 813; baseline -0.003 -17"><span class='ocrx_word' id='word_1_48' title='bbox 90 744 202 796; x_wconf 82' lang='lat' dir='ltr'><strong><em>Primus</em></strong></span> <span class='ocrx_word' id='word_1_49' title='bbox 213 745 242 797; x_wconf 84' lang='lat' dir='ltr'><strong><em>in</em></strong></span> <span class='ocrx_word' id='word_1_50' title='bbox 253 744 370 810; x_wconf 81' lang='lat' dir='ltr'><strong><em>Epirum</em></strong></span> <span class='ocrx_word' id='word_1_51' title='bbox 380 743 485 795; x_wconf 86' lang='lat' dir='ltr'><strong><em>Boreas</em></strong></span> <span class='ocrx_word' id='word_1_52' title='bbox 496 754 581 813; x_wconf 88' lang='lat' dir='ltr'><strong><em>ogot:</em></strong></span> <span class='ocrx_word' id='word_1_53' title='bbox 593 745 654 795; x_wconf 86' lang='lat' dir='ltr'><strong><em>inde</em></strong></span> <span class='ocrx_word' id='word_1_54' title='bbox 661 760 712 811; x_wconf 80' lang='lat' dir='ltr'><strong><em>per</em></strong></span> <span class='ocrx_word' id='word_1_55' title='bbox 722 759 789 794; x_wconf 86' lang='lat' dir='ltr'><strong><em>arua</em></strong></span> 
     </span>
     <span class='ocr_line' id='line_1_9' title="bbox 94 813 779 881; baseline -0.001 -16"><span class='ocrx_word' id='word_1_56' title='bbox 94 813 241 866; x_wconf 82' lang='lat' dir='ltr'><strong><em>Graiorum</em></strong></span> <span class='ocrx_word' id='word_1_57' title='bbox 252 813 441 881; x_wconf 78' lang='lat' dir='ltr'><strong><em>Macetumque</em></strong></span> <span class='ocrx_word' id='word_1_58' title='bbox 453 830 534 867; x_wconf 87' lang='lat' dir='ltr'><strong><em>novos</em></strong></span> <span class='ocrx_word' id='word_1_59' title='bbox 546 814 681 879; x_wconf 82' lang='lat' dir='ltr'><strong><em>adquirite</em></strong></span> <span class='ocrx_word' id='word_1_60' title='bbox 693 813 779 864; x_wconf 85' lang='lat' dir='ltr'><strong><em>eires:</em></strong></span> 
     </span>
     <span class='ocr_line' id='line_1_10' title="bbox 90 881 905 950; baseline 0 -18"><span class='ocrx_word' id='word_1_61' title='bbox 90 881 163 934; x_wconf 90' lang='lat' dir='ltr'><strong><em>Dum</em></strong></span> <span class='ocrx_word' id='word_1_62' title='bbox 170 883 236 949; x_wconf 81' lang='lat' dir='ltr'><strong><em>paci</em></strong></span> <span class='ocrx_word' id='word_1_63' title='bbox 246 884 293 934; x_wconf 89' lang='lat' dir='ltr'><strong><em>dat</em></strong></span> <span class='ocrx_word' id='word_1_64' title='bbox 303 895 406 950; x_wconf 78' lang='lat' dir='ltr'><strong><em>tempus</em></strong></span> <span class='ocrx_word' id='word_1_65' title='bbox 416 883 508 934; x_wconf 82' lang='lat' dir='ltr'><strong><em>biems.</em></strong></span> <span class='ocrx_word' id='word_1_66' title='bbox 546 881 591 932; x_wconf 88' lang='lat' dir='ltr'><strong><em>Sic</em></strong></span> <span class='ocrx_word' id='word_1_67' title='bbox 602 882 684 944; x_wconf 82' lang='lat' dir='ltr'><strong><em>fatur,</em></strong></span> <span class='ocrx_word' id='word_1_68' title='bbox 698 889 726 933; x_wconf 90' lang='lat' dir='ltr'><strong><em>et</em></strong></span> <span class='ocrx_word' id='word_1_69' title='bbox 737 896 830 933; x_wconf 89' lang='lat' dir='ltr'><strong><em>omnes</em></strong></span> <span class='ocrx_word' id='word_1_70' title='bbox 900 940 905 949; x_wconf 38' lang='lat'><strong><em>¹</em></strong></span> 
     </span>
     <span class='ocr_line' id='line_1_11' title="bbox 91 952 796 1020; baseline 0 -19"><span class='ocrx_word' id='word_1_71' title='bbox 91 952 168 1004; x_wconf 84' lang='lat' dir='ltr'><strong><em>iussa</em></strong></span> <span class='ocrx_word' id='word_1_72' title='bbox 178 958 286 1020; x_wconf 85' lang='lat' dir='ltr'><strong><em>gerunt,</em></strong></span> <span class='ocrx_word' id='word_1_73' title='bbox 295 954 458 1019; x_wconf 81' lang='lat' dir='ltr'><strong><em>solvuntque</em></strong></span> <span class='ocrx_word' id='word_1_74' title='bbox 470 967 551 1002; x_wconf 83' lang='lat' dir='ltr'><strong><em>cavas</em></strong></span> <span class='ocrx_word' id='word_1_75' title='bbox 564 967 579 1001; x_wconf 82' lang='lat' dir='ltr'><strong><em>a</em></strong></span> <span class='ocrx_word' id='word_1_76' title='bbox 591 952 670 1003; x_wconf 90' lang='lat' dir='ltr'><strong><em>litore</em></strong></span> <span class='ocrx_word' id='word_1_77' title='bbox 681 966 796 1018; x_wconf 80' lang='lat' dir='ltr'><strong><em>puppes.</em></strong></span> 
     </span>
    </p>

    <p class='ocr_par' dir='ltr' id='par_1_5' title="bbox 89 1018 889 1499">
     <span class='ocr_line' id='line_1_12' title="bbox 142 1018 887 1088; baseline -0.003 -18"><span class='ocrx_word' id='word_1_78' title='bbox 142 1023 177 1071; x_wconf 92' lang='lat' dir='ltr'><strong><em>At</em></strong></span> <span class='ocrx_word' id='word_1_79' title='bbox 188 1037 335 1088; x_wconf 82' lang='lat' dir='ltr'><strong><em>numquam</em></strong></span> <span class='ocrx_word' id='word_1_80' title='bbox 345 1023 452 1087; x_wconf 87' lang='lat' dir='ltr'><strong><em>patiens</em></strong></span> <span class='ocrx_word' id='word_1_81' title='bbox 462 1021 546 1086; x_wconf 86' lang='lat' dir='ltr'><strong><em>pacis,</em></strong></span> <span class='ocrx_word' id='word_1_82' title='bbox 559 1019 710 1087; x_wconf 86' lang='lat' dir='ltr'><strong><em>longaeque</em></strong></span> <span class='ocrx_word' id='word_1_83' title='bbox 722 1021 820 1088; x_wconf 91' lang='lat' dir='ltr'><strong><em>quietis</em></strong></span> <span class='ocrx_word' id='word_1_84' title='bbox 835 1018 887 1069; x_wconf 84' lang='grc'><strong>650</strong></span> 
     </span>
     <span class='ocr_line' id='line_1_13' title="bbox 89 1089 684 1157; baseline -0.007 -17"><span class='ocrx_word' id='word_1_85' title='bbox 89 1092 242 1152; x_wconf 87' lang='lat' dir='ltr'><strong><em>Armorum,</em></strong></span> <span class='ocrx_word' id='word_1_86' title='bbox 255 1105 289 1140; x_wconf 89' lang='lat' dir='ltr'><strong><em>ne</em></strong></span> <span class='ocrx_word' id='word_1_87' title='bbox 301 1091 363 1157; x_wconf 90' lang='lat' dir='ltr'><strong><em>quid</em></strong></span> <span class='ocrx_word' id='word_1_88' title='bbox 374 1089 438 1139; x_wconf 85' lang='lat' dir='ltr'><strong><em>fatis</em></strong></span> <span class='ocrx_word' id='word_1_89' title='bbox 448 1095 555 1139; x_wconf 87' lang='lat' dir='ltr'><strong><em>mutare</em></strong></span> <span class='ocrx_word' id='word_1_90' title='bbox 567 1089 671 1150; x_wconf 85' lang='lat' dir='ltr'><strong><em>liceret,</em></strong></span> <span class='ocrx_word' id='word_1_91' title='bbox 682 1131 684 1135; x_wconf 94' lang='lat'>.</span> 
     </span>
     <span class='ocr_line' id='line_1_14' title="bbox 91 1158 764 1226; baseline -0.003 -18"><span class='ocrx_word' id='word_1_92' title='bbox 91 1159 254 1226; x_wconf 81' lang='lat' dir='ltr'><strong><em>Adsequitur</em></strong></span> <span class='ocrx_word' id='word_1_93' title='bbox 265 1160 412 1226; x_wconf 75' lang='lat' dir='ltr'><strong><em>generique</em></strong></span> <span class='ocrx_word' id='word_1_94' title='bbox 422 1159 522 1222; x_wconf 82' lang='lat' dir='ltr'><strong><em>premit</em></strong></span> <span class='ocrx_word' id='word_1_95' title='bbox 533 1158 648 1223; x_wconf 83' lang='lat' dir='ltr'><strong><em>vestigia</em></strong></span> <span class='ocrx_word' id='word_1_96' title='bbox 656 1158 764 1207; x_wconf 89' lang='lat' dir='ltr'><strong><em>Caesar.</em></strong></span> 
     </span>
     <span class='ocr_line' id='line_1_15' title="bbox 91 1225 689 1292; baseline -0.005 -14"><span class='ocrx_word' id='word_1_97' title='bbox 91 1225 255 1278; x_wconf 83' lang='lat' dir='ltr'><strong><em>Sufficerent</em></strong></span> <span class='ocrx_word' id='word_1_98' title='bbox 266 1227 326 1276; x_wconf 87' lang='lat' dir='ltr'><strong><em>aliis</em></strong></span> <span class='ocrx_word' id='word_1_99' title='bbox 338 1228 424 1292; x_wconf 89' lang='lat' dir='ltr'><strong><em>primo</em></strong></span> <span class='ocrx_word' id='word_1_100' title='bbox 437 1230 480 1275; x_wconf 89' lang='lat' dir='ltr'><strong><em>tot</em></strong></span> <span class='ocrx_word' id='word_1_101' title='bbox 488 1227 597 1275; x_wconf 87' lang='lat' dir='ltr'><strong><em>moenia</em></strong></span> <span class='ocrx_word' id='word_1_102' title='bbox 608 1241 689 1276; x_wconf 88' lang='lat' dir='ltr'><strong><em>cursu</em></strong></span> 
     </span>
     <span class='ocr_line' id='line_1_16' title="bbox 91 1292 772 1360; baseline -0.004 -15"><span class='ocrx_word' id='word_1_103' title='bbox 91 1296 190 1360; x_wconf 86' lang='lat' dir='ltr'><strong><em>Rapta,</em></strong></span> <span class='ocrx_word' id='word_1_104' title='bbox 202 1301 246 1345; x_wconf 91' lang='lat' dir='ltr'><strong><em>tot</em></strong></span> <span class='ocrx_word' id='word_1_105' title='bbox 258 1309 405 1359; x_wconf 85' lang='lat' dir='ltr'><strong><em>oppressae</em></strong></span> <span class='ocrx_word' id='word_1_106' title='bbox 417 1294 536 1359; x_wconf 86' lang='lat' dir='ltr'><strong><em>depulsis</em></strong></span> <span class='ocrx_word' id='word_1_107' title='bbox 547 1292 671 1345; x_wconf 87' lang='lat' dir='ltr'><strong><em>hostibus</em></strong></span> <span class='ocrx_word' id='word_1_108' title='bbox 682 1308 772 1343; x_wconf 86' lang='lat' dir='ltr'><strong><em>arces:</em></strong></span> 
     </span>
     <span class='ocr_line' id='line_1_17' title="bbox 91 1361 889 1429; baseline 0.001 -17"><span class='ocrx_word' id='word_1_109' title='bbox 91 1365 156 1429; x_wconf 83' lang='lat' dir='ltr'><strong><em>Ipsa</em></strong></span> <span class='ocrx_word' id='word_1_110' title='bbox 169 1368 251 1427; x_wconf 82' lang='lat' dir='ltr'><strong><em>caput</em></strong></span> <span class='ocrx_word' id='word_1_111' title='bbox 261 1363 354 1412; x_wconf 89' lang='lat' dir='ltr'><strong><em>mundi</em></strong></span> <span class='ocrx_word' id='word_1_112' title='bbox 363 1362 495 1414; x_wconf 78' lang='lat' dir='ltr'><strong><em>bellorum</em></strong></span> <span class='ocrx_word' id='word_1_113' title='bbox 507 1363 625 1412; x_wconf 85' lang='lat' dir='ltr'><strong><em>maxima</em></strong></span> <span class='ocrx_word' id='word_1_114' title='bbox 634 1377 748 1424; x_wconf 88' lang='lat' dir='ltr'><strong><em>merces,</em></strong></span> <span class='ocrx_word' id='word_1_115' title='bbox 837 1361 889 1413; x_wconf 82' lang='grc'><strong>656</strong></span> 
     </span>
     <span class='ocr_line' id='line_1_18' title="bbox 92 1430 826 1499; baseline 0.001 -19"><span class='ocrx_word' id='word_1_116' title='bbox 92 1431 180 1481; x_wconf 84' lang='lat' dir='ltr'><strong><em>Roma</em></strong></span> <span class='ocrx_word' id='word_1_117' title='bbox 190 1433 250 1498; x_wconf 87' lang='lat' dir='ltr'><strong><em>capi</em></strong></span> <span class='ocrx_word' id='word_1_118' title='bbox 261 1431 362 1482; x_wconf 86' lang='lat' dir='ltr'><strong><em>facilis.</em></strong></span> <span class='ocrx_word' id='word_1_119' title='bbox 374 1430 428 1482; x_wconf 85' lang='lat' dir='ltr'><strong><em>Sed</em></strong></span> <span class='ocrx_word' id='word_1_120' title='bbox 435 1433 536 1482; x_wconf 87' lang='lat' dir='ltr'><strong><em>Caesar</em></strong></span> <span class='ocrx_word' id='word_1_121' title='bbox 546 1433 573 1481; x_wconf 91' lang='lat' dir='ltr'><strong><em>in</em></strong></span> <span class='ocrx_word' id='word_1_122' title='bbox 584 1433 675 1482; x_wconf 81' lang='lat' dir='ltr'><strong><em>omma</em></strong></span> <span class='ocrx_word' id='word_1_123' title='bbox 685 1446 826 1499; x_wconf 86' lang='lat' dir='ltr'><strong><em>praeceps,</em></strong></span> 
     </span>
    </p>

    <p class='ocr_par' dir='ltr' id='par_1_6' title="bbox 70 1498 889 1914">
     <span class='ocr_line' id='line_1_19' title="bbox 70 1498 825 1569; baseline 0 -20"><span class='ocrx_word' id='word_1_124' title='bbox 70 1558 73 1562; x_wconf 41' lang='grc'>,</span> <span class='ocrx_word' id='word_1_125' title='bbox 90 1498 134 1550; x_wconf 86' lang='lat' dir='ltr'><strong><em>Nil</em></strong></span> <span class='ocrx_word' id='word_1_126' title='bbox 142 1513 232 1550; x_wconf 88' lang='lat' dir='ltr'><strong><em>actum</em></strong></span> <span class='ocrx_word' id='word_1_127' title='bbox 240 1501 362 1561; x_wconf 89' lang='lat' dir='ltr'><strong><em>eredens,</em></strong></span> <span class='ocrx_word' id='word_1_128' title='bbox 375 1517 435 1551; x_wconf 86' lang='lat' dir='ltr'><strong><em>cum</em></strong></span> <span class='ocrx_word' id='word_1_129' title='bbox 449 1501 512 1569; x_wconf 88' lang='lat' dir='ltr'><strong><em>quid</em></strong></span> <span class='ocrx_word' id='word_1_130' title='bbox 519 1508 675 1568; x_wconf 89' lang='lat' dir='ltr'><strong><em>superesset</em></strong></span> <span class='ocrx_word' id='word_1_131' title='bbox 682 1502 825 1569; x_wconf 82' lang='lat' dir='ltr'><strong><em>agendum,</em></strong></span> 
     </span>
     <span class='ocr_line' id='line_1_20' title="bbox 91 1568 827 1637; baseline 0 -18"><span class='ocrx_word' id='word_1_132' title='bbox 91 1571 276 1620; x_wconf 81' lang='lat' dir='ltr'><strong><em>Instatatrox:</em></strong></span> <span class='ocrx_word' id='word_1_133' title='bbox 289 1568 421 1632; x_wconf 86' lang='lat' dir='ltr'><strong><em>etadhue,</em></strong></span> <span class='ocrx_word' id='word_1_134' title='bbox 433 1571 827 1637; x_wconf 75' lang='lat' dir='ltr'><strong><em>quamvispossederitomnem</em></strong></span> 
     </span>
     <span class='ocr_line' id='line_1_21' title="bbox 90 1639 754 1707; baseline 0.003 -19"><span class='ocrx_word' id='word_1_135' title='bbox 90 1639 205 1701; x_wconf 88' lang='lat' dir='ltr'><strong><em>ltaliam,</em></strong></span> <span class='ocrx_word' id='word_1_136' title='bbox 217 1646 340 1690; x_wconf 84' lang='lat' dir='ltr'><strong><em>extremo</em></strong></span> <span class='ocrx_word' id='word_1_137' title='bbox 351 1640 447 1690; x_wconf 91' lang='lat' dir='ltr'><strong><em>sedeat</em></strong></span> <span class='ocrx_word' id='word_1_138' title='bbox 455 1640 527 1707; x_wconf 86' lang='lat' dir='ltr'><strong><em>quod</em></strong></span> <span class='ocrx_word' id='word_1_139' title='bbox 537 1640 616 1691; x_wconf 89' lang='lat' dir='ltr'><strong><em>litore</em></strong></span> <span class='ocrx_word' id='word_1_140' title='bbox 628 1641 754 1707; x_wconf 85' lang='lat' dir='ltr'><strong><em>Magnus,</em></strong></span> 
     </span>
     <span class='ocr_line' id='line_1_22' title="bbox 91 1708 889 1776; baseline -0.001 -18"><span class='ocrx_word' id='word_1_141' title='bbox 91 1708 266 1759; x_wconf 89' lang='lat' dir='ltr'><strong><em>Communem</em></strong></span> <span class='ocrx_word' id='word_1_142' title='bbox 278 1715 368 1759; x_wconf 89' lang='lat' dir='ltr'><strong><em>tamen</em></strong></span> <span class='ocrx_word' id='word_1_143' title='bbox 381 1724 440 1759; x_wconf 90' lang='lat' dir='ltr'><strong><em>esse</em></strong></span> <span class='ocrx_word' id='word_1_144' title='bbox 453 1709 540 1759; x_wconf 86' lang='lat' dir='ltr'><strong><em>dolet:</em></strong></span> <span class='ocrx_word' id='word_1_145' title='bbox 553 1725 603 1760; x_wconf 85' lang='lat' dir='ltr'><strong><em>nec</em></strong></span> <span class='ocrx_word' id='word_1_146' title='bbox 615 1725 708 1760; x_wconf 87' lang='lat' dir='ltr'><strong><em>rursus</em></strong></span> <span class='ocrx_word' id='word_1_147' title='bbox 720 1717 815 1776; x_wconf 87' lang='lat' dir='ltr'><strong><em>aperto</em></strong></span> <span class='ocrx_word' id='word_1_148' title='bbox 835 1708 889 1758; x_wconf 80' lang='grc'><strong><em>666</em></strong></span> 
     </span>
     <span class='ocr_line' id='line_1_23' title="bbox 91 1775 745 1838; baseline 0.002 -11"><span class='ocrx_word' id='word_1_149' title='bbox 91 1775 156 1827; x_wconf 90' lang='lat' dir='ltr'><strong><em>Volt</em></strong></span> <span class='ocrx_word' id='word_1_150' title='bbox 167 1775 260 1828; x_wconf 88' lang='lat' dir='ltr'><strong><em>hostes</em></strong></span> <span class='ocrx_word' id='word_1_151' title='bbox 272 1793 365 1827; x_wconf 86' lang='lat' dir='ltr'><strong><em>errare</em></strong></span> <span class='ocrx_word' id='word_1_152' title='bbox 378 1777 459 1838; x_wconf 85' lang='lat' dir='ltr'><strong><em>freto,</em></strong></span> <span class='ocrx_word' id='word_1_153' title='bbox 472 1779 520 1827; x_wconf 88' lang='lat' dir='ltr'><strong><em>sed</em></strong></span> <span class='ocrx_word' id='word_1_154' title='bbox 532 1778 647 1828; x_wconf 83' lang='lat' dir='ltr'><strong><em>molibus</em></strong></span> <span class='ocrx_word' id='word_1_155' title='bbox 658 1779 745 1829; x_wconf 88' lang='lat' dir='ltr'><strong><em>undas</em></strong></span> 
     </span>
     <span class='ocr_line' id='line_1_24' title="bbox 90 1846 733 1914; baseline 0 -18"><span class='ocrx_word' id='word_1_156' title='bbox 90 1846 223 1907; x_wconf 87' lang='lat' dir='ltr'><strong><em>Obstruit‚</em></strong></span> <span class='ocrx_word' id='word_1_157' title='bbox 235 1852 263 1895; x_wconf 90' lang='lat' dir='ltr'><strong><em>et</em></strong></span> <span class='ocrx_word' id='word_1_158' title='bbox 275 1847 360 1896; x_wconf 87' lang='lat' dir='ltr'><strong><em>latum</em></strong></span> <span class='ocrx_word' id='word_1_159' title='bbox 373 1846 487 1896; x_wconf 87' lang='lat' dir='ltr'><strong><em>deiectis</em></strong></span> <span class='ocrx_word' id='word_1_160' title='bbox 499 1847 611 1913; x_wconf 85' lang='lat' dir='ltr'><strong><em>rupibus</em></strong></span> <span class='ocrx_word' id='word_1_161' title='bbox 623 1863 733 1914; x_wconf 86' lang='lat' dir='ltr'><strong><em>aequor.</em></strong></span> 
     </span>
    </p>

    <p class='ocr_par' dir='ltr' id='par_1_7' title="bbox 89 1914 797 2051">
     <span class='ocr_line' id='line_1_25' title="bbox 90 1914 797 1982; baseline 0 -17"><span class='ocrx_word' id='word_1_162' title='bbox 90 1914 169 1965; x_wconf 85' lang='lat' dir='ltr'><strong><em>Cedit</em></strong></span> <span class='ocrx_word' id='word_1_163' title='bbox 177 1916 203 1964; x_wconf 89' lang='lat' dir='ltr'><strong><em>in</em></strong></span> <span class='ocrx_word' id='word_1_164' title='bbox 214 1916 373 1965; x_wconf 89' lang='lat' dir='ltr'><strong><em>immensum</em></strong></span> <span class='ocrx_word' id='word_1_165' title='bbox 386 1930 480 1965; x_wconf 87' lang='lat' dir='ltr'><strong><em>cassus</em></strong></span> <span class='ocrx_word' id='word_1_166' title='bbox 492 1915 584 1965; x_wconf 88' lang='lat' dir='ltr'><strong><em>labor:</em></strong></span> <span class='ocrx_word' id='word_1_167' title='bbox 596 1919 687 1965; x_wconf 89' lang='lat' dir='ltr'><strong><em>omnia</em></strong></span> <span class='ocrx_word' id='word_1_168' title='bbox 698 1922 797 1982; x_wconf 86' lang='lat' dir='ltr'><strong><em>pontus</em></strong></span> 
     </span>
     <span class='ocr_line' id='line_1_26' title="bbox 89 1983 797 2051; baseline -0.001 -17"><span class='ocrx_word' id='word_1_169' title='bbox 89 1983 189 2034; x_wconf 82' lang='lat' dir='ltr'><strong><em>Haurit</em></strong></span> <span class='ocrx_word' id='word_1_170' title='bbox 201 1997 268 2032; x_wconf 78' lang='lat' dir='ltr'><strong><em>sara</em></strong></span> <span class='ocrx_word' id='word_1_171' title='bbox 277 1997 371 2044; x_wconf 83' lang='lat' dir='ltr'><strong><em>vorax,</em></strong></span> <span class='ocrx_word' id='word_1_172' title='bbox 384 1990 543 2051; x_wconf 89' lang='lat' dir='ltr'><strong><em>montesque</em></strong></span> <span class='ocrx_word' id='word_1_173' title='bbox 554 1985 689 2035; x_wconf 87' lang='lat' dir='ltr'><strong><em>immiscet</em></strong></span> <span class='ocrx_word' id='word_1_174' title='bbox 700 1985 797 2036; x_wconf 87' lang='lat' dir='ltr'><strong><em>arenis.</em></strong></span> 
     </span>
    </p>

    <p class='ocr_par' dir='ltr' id='par_1_8' title="bbox 90 2051 886 2251">
     <span class='ocr_line' id='line_1_27' title="bbox 91 2051 886 2117; baseline -0.001 -14"><span class='ocrx_word' id='word_1_175' title='bbox 91 2053 126 2103; x_wconf 89' lang='lat' dir='ltr'><strong><em>Ut</em></strong></span> <span class='ocrx_word' id='word_1_176' title='bbox 136 2052 219 2101; x_wconf 87' lang='lat' dir='ltr'><strong><em>maris</em></strong></span> <span class='ocrx_word' id='word_1_177' title='bbox 231 2052 331 2117; x_wconf 81' lang='lat' dir='ltr'><strong><em>Aegaei</em></strong></span> <span class='ocrx_word' id='word_1_178' title='bbox 341 2052 444 2102; x_wconf 88' lang='lat' dir='ltr'><strong><em>medias</em></strong></span> <span class='ocrx_word' id='word_1_179' title='bbox 455 2053 478 2101; x_wconf 90' lang='lat' dir='ltr'><strong><em>si</em></strong></span> <span class='ocrx_word' id='word_1_180' title='bbox 489 2053 576 2103; x_wconf 84' lang='lat' dir='ltr'><strong><em>celsus</em></strong></span> <span class='ocrx_word' id='word_1_181' title='bbox 586 2054 613 2102; x_wconf 91' lang='lat' dir='ltr'><strong><em>in</em></strong></span> <span class='ocrx_word' id='word_1_182' title='bbox 626 2054 712 2105; x_wconf 88' lang='lat' dir='ltr'><strong><em>undas</em></strong></span> <span class='ocrx_word' id='word_1_183' title='bbox 835 2051 886 2102; x_wconf 80' lang='grc'><strong><em>665</em></strong></span> 
     </span>
     <span class='ocr_line' id='line_1_28' title="bbox 91 2119 776 2188; baseline 0.001 -18"><span class='ocrx_word' id='word_1_184' title='bbox 91 2119 252 2186; x_wconf 86' lang='lat' dir='ltr'><strong><em>Depellatur</em></strong></span> <span class='ocrx_word' id='word_1_185' title='bbox 261 2121 347 2184; x_wconf 84' lang='lat' dir='ltr'><strong><em>Eryx,</em></strong></span> <span class='ocrx_word' id='word_1_186' title='bbox 359 2120 447 2170; x_wconf 90' lang='lat' dir='ltr'><strong><em>nullae</em></strong></span> <span class='ocrx_word' id='word_1_187' title='bbox 458 2125 550 2170; x_wconf 88' lang='lat' dir='ltr'><strong><em>tamen</em></strong></span> <span class='ocrx_word' id='word_1_188' title='bbox 564 2137 683 2188; x_wconf 84' lang='lat' dir='ltr'><strong><em>aequore</em></strong></span> <span class='ocrx_word' id='word_1_189' title='bbox 694 2136 776 2188; x_wconf 90' lang='lat' dir='ltr'><strong><em>rupes</em></strong></span> 
     </span>
     <span class='ocr_line' id='line_1_29' title="bbox 90 2188 710 2251; baseline -0.003 -11"><span class='ocrx_word' id='word_1_190' title='bbox 90 2190 245 2251; x_wconf 83' lang='lat' dir='ltr'><strong><em>Emineant,</em></strong></span> <span class='ocrx_word' id='word_1_191' title='bbox 256 2189 299 2238; x_wconf 87' lang='lat' dir='ltr'><strong><em>vel</em></strong></span> <span class='ocrx_word' id='word_1_192' title='bbox 311 2190 332 2238; x_wconf 88' lang='lat' dir='ltr'><strong><em>si</em></strong></span> <span class='ocrx_word' id='word_1_193' title='bbox 346 2188 475 2238; x_wconf 87' lang='lat' dir='ltr'><strong><em>convulso</em></strong></span> <span class='ocrx_word' id='word_1_194' title='bbox 486 2191 589 2239; x_wconf 86' lang='lat' dir='ltr'><strong><em>vertice</em></strong></span> <span class='ocrx_word' id='word_1_195' title='bbox 602 2190 710 2239; x_wconf 82' lang='lat' dir='ltr'><strong><em>Gaurus</em></strong></span> 
     </span>
    </p>

    <p class='ocr_par' dir='ltr' id='par_1_9' title="bbox 91 2257 764 2323">
     <span class='ocr_line' id='line_1_30' title="bbox 91 2257 764 2323; baseline -0.001 -15"><span class='ocrx_word' id='word_1_196' title='bbox 91 2258 209 2308; x_wconf 85' lang='lat' dir='ltr'><strong><em>Decidat</em></strong></span> <span class='ocrx_word' id='word_1_197' title='bbox 218 2259 243 2307; x_wconf 92' lang='lat' dir='ltr'><strong><em>in</em></strong></span> <span class='ocrx_word' id='word_1_198' title='bbox 255 2257 367 2307; x_wconf 86' lang='lat' dir='ltr'><strong><em>fundum</em></strong></span> <span class='ocrx_word' id='word_1_199' title='bbox 378 2258 484 2322; x_wconf 86' lang='lat' dir='ltr'><strong><em>penitus</em></strong></span> <span class='ocrx_word' id='word_1_200' title='bbox 496 2258 648 2323; x_wconf 83' lang='lat' dir='ltr'><strong><em>stagnantis</em></strong></span> <span class='ocrx_word' id='word_1_201' title='bbox 658 2259 764 2308; x_wconf 88' lang='lat' dir='ltr'><strong><em>Averni.</em></strong></span> 
     </span>
    </p>

    <p class='ocr_par' dir='ltr' id='par_1_10' title="bbox 90 2326 779 2394">
     <span class='ocr_line' id='line_1_31' title="bbox 90 2326 779 2394; baseline -0.001 -17"><span class='ocrx_word' id='word_1_202' title='bbox 90 2327 164 2394; x_wconf 83' lang='lat' dir='ltr'><strong><em>Ergo</em></strong></span> <span class='ocrx_word' id='word_1_203' title='bbox 176 2328 221 2377; x_wconf 92' lang='lat' dir='ltr'><strong><em>ubi</em></strong></span> <span class='ocrx_word' id='word_1_204' title='bbox 232 2327 305 2376; x_wconf 92' lang='lat' dir='ltr'><strong><em>nulla</em></strong></span> <span class='ocrx_word' id='word_1_205' title='bbox 314 2327 384 2377; x_wconf 84' lang='lat' dir='ltr'><strong><em>rado</em></strong></span> <span class='ocrx_word' id='word_1_206' title='bbox 395 2327 484 2377; x_wconf 89' lang='lat' dir='ltr'><strong><em>tenuit</em></strong></span> <span class='ocrx_word' id='word_1_207' title='bbox 494 2340 544 2375; x_wconf 90' lang='lat' dir='ltr'><strong><em>sua</em></strong></span> <span class='ocrx_word' id='word_1_208' title='bbox 554 2326 675 2390; x_wconf 89' lang='lat' dir='ltr'><strong><em>pondera</em></strong></span> <span class='ocrx_word' id='word_1_209' title='bbox 685 2327 779 2389; x_wconf 88' lang='lat' dir='ltr'><strong><em>moles,</em></strong></span> 
     </span>
    </p>

    <p class='ocr_par' dir='ltr' id='par_1_11' title="bbox 90 2395 885 2531">
     <span class='ocr_line' id='line_1_32' title="bbox 91 2395 885 2462; baseline 0.004 -18"><span class='ocrx_word' id='word_1_210' title='bbox 91 2396 169 2445; x_wconf 83' lang='lat' dir='ltr'><strong><em>Tune</em></strong></span> <span class='ocrx_word' id='word_1_211' title='bbox 179 2395 282 2462; x_wconf 79' lang='lat' dir='ltr'><strong><em>placuit</em></strong></span> <span class='ocrx_word' id='word_1_212' title='bbox 294 2397 381 2447; x_wconf 86' lang='lat' dir='ltr'><strong><em>caesis</em></strong></span> <span class='ocrx_word' id='word_1_213' title='bbox 391 2397 530 2445; x_wconf 84' lang='lat' dir='ltr'><strong><em>innectere</em></strong></span> <span class='ocrx_word' id='word_1_214' title='bbox 542 2395 649 2444; x_wconf 86' lang='lat' dir='ltr'><strong><em>vincula</em></strong></span> <span class='ocrx_word' id='word_1_215' title='bbox 658 2395 740 2458; x_wconf 80' lang='lat' dir='ltr'><strong><em>silvis,</em></strong></span> <span class='ocrx_word' id='word_1_216' title='bbox 832 2395 885 2447; x_wconf 78' lang='grc'><strong><em>616</em></strong></span> 
     </span>
     <span class='ocr_line' id='line_1_33' title="bbox 90 2463 718 2531; baseline 0.002 -17"><span class='ocrx_word' id='word_1_217' title='bbox 90 2463 252 2531; x_wconf 85' lang='lat' dir='ltr'><strong><em>Roboraque</em></strong></span> <span class='ocrx_word' id='word_1_218' title='bbox 264 2467 401 2516; x_wconf 83' lang='lat' dir='ltr'><strong><em>immensis</em></strong></span> <span class='ocrx_word' id='word_1_219' title='bbox 412 2466 467 2515; x_wconf 91' lang='lat' dir='ltr'><strong><em>late</em></strong></span> <span class='ocrx_word' id='word_1_220' title='bbox 479 2464 594 2531; x_wconf 88' lang='lat' dir='ltr'><strong><em>religare</em></strong></span> <span class='ocrx_word' id='word_1_221' title='bbox 607 2466 718 2515; x_wconf 87' lang='lat' dir='ltr'><strong><em>catenis.</em></strong></span> 
     </span>
    </p>

    <p class='ocr_par' dir='ltr' id='par_1_12' title="bbox 87 2530 916 2808">
     <span class='ocr_line' id='line_1_34' title="bbox 90 2530 916 2600; baseline 0.007 -19"><span class='ocrx_word' id='word_1_222' title='bbox 90 2533 173 2582; x_wconf 82' lang='lat' dir='ltr'><strong><em>Tales</em></strong></span> <span class='ocrx_word' id='word_1_223' title='bbox 183 2532 474 2585; x_wconf 81' lang='lat' dir='ltr'><strong><em>samaeanittumidum</em></strong></span> <span class='ocrx_word' id='word_1_224' title='bbox 485 2547 567 2599; x_wconf 88' lang='lat' dir='ltr'><strong><em>super</em></strong></span> <span class='ocrx_word' id='word_1_225' title='bbox 577 2548 698 2600; x_wconf 86' lang='lat' dir='ltr'><strong><em>aequora</em></strong></span> <span class='ocrx_word' id='word_1_226' title='bbox 707 2530 831 2593; x_wconf 78' lang='lat' dir='ltr'><strong><em>Xerxem</em></strong></span> <span class='ocrx_word' id='word_1_227' title='bbox 911 2537 916 2546; x_wconf 83' lang='grc'><strong><em>’</em></strong></span> 
     </span>
     <span class='ocr_line' id='line_1_35' title="bbox 90 2603 803 2669; baseline 0.003 -17"><span class='ocrx_word' id='word_1_228' title='bbox 90 2603 279 2654; x_wconf 83' lang='lat' dir='ltr'><strong><em>Construxisse</em></strong></span> <span class='ocrx_word' id='word_1_229' title='bbox 291 2605 362 2666; x_wconf 85' lang='lat' dir='ltr'><strong><em>vias,</em></strong></span> <span class='ocrx_word' id='word_1_230' title='bbox 376 2605 488 2654; x_wconf 89' lang='lat' dir='ltr'><strong><em>multum</em></strong></span> <span class='ocrx_word' id='word_1_231' title='bbox 501 2618 561 2653; x_wconf 91' lang='lat' dir='ltr'><strong><em>cum</em></strong></span> <span class='ocrx_word' id='word_1_232' title='bbox 573 2603 701 2669; x_wconf 86' lang='lat' dir='ltr'><strong><em>pontibus</em></strong></span> <span class='ocrx_word' id='word_1_233' title='bbox 712 2619 803 2667; x_wconf 83' lang='lat' dir='ltr'><strong><em>ausus,</em></strong></span> 
     </span>
     <span class='ocr_line' id='line_1_36' title="bbox 88 2670 792 2739; baseline 0.006 -19"><span class='ocrx_word' id='word_1_234' title='bbox 88 2670 280 2738; x_wconf 85' lang='lat' dir='ltr'><strong><em>Europamque</em></strong></span> <span class='ocrx_word' id='word_1_235' title='bbox 291 2675 378 2735; x_wconf 84' lang='lat' dir='ltr'><strong><em>Asiae,</em></strong></span> <span class='ocrx_word' id='word_1_236' title='bbox 391 2672 543 2739; x_wconf 81' lang='lat' dir='ltr'><strong><em>Sestonque</em></strong></span> <span class='ocrx_word' id='word_1_237' title='bbox 554 2673 674 2724; x_wconf 83' lang='lat' dir='ltr'><strong><em>admovit</em></strong></span> <span class='ocrx_word' id='word_1_238' title='bbox 685 2674 792 2739; x_wconf 80' lang='lat' dir='ltr'><strong><em>Abydo,</em></strong></span> 
     </span>
     <span class='ocr_line' id='line_1_37' title="bbox 87 2738 887 2808; baseline 0.001 -19"><span class='ocrx_word' id='word_1_239' title='bbox 87 2738 256 2806; x_wconf 83' lang='lat' dir='ltr'><strong><em>incessitque</em></strong></span> <span class='ocrx_word' id='word_1_240' title='bbox 267 2741 365 2792; x_wconf 86' lang='lat' dir='ltr'><strong><em>fretum</em></strong></span> <span class='ocrx_word' id='word_1_241' title='bbox 378 2743 466 2808; x_wconf 88' lang='lat' dir='ltr'><strong><em>rapidi</em></strong></span> <span class='ocrx_word' id='word_1_242' title='bbox 478 2757 560 2807; x_wconf 90' lang='lat' dir='ltr'><strong><em>super</em></strong></span> <span class='ocrx_word' id='word_1_243' title='bbox 570 2743 750 2808; x_wconf 85' lang='lat' dir='ltr'><strong><em>Hellesponti,</em></strong></span> <span class='ocrx_word' id='word_1_244' title='bbox 832 2739 887 2790; x_wconf 78' lang='grc'><strong>616</strong></span> 
     </span>
    </p>
   </div>
   <div class='ocr_carea' id='block_1_4' title="bbox 0 0 984 3106">
    <p class='ocr_par' dir='ltr' id='par_1_13' title="bbox 0 0 984 3106">
     <span class='ocr_line' id='line_1_38' title="bbox 0 0 984 3106; baseline 0 0"><span class='ocrx_word' id='word_1_245' title='bbox 0 0 984 3106; x_wconf 95' lang='lat' dir='ltr'><strong><em> </em></strong></span> 
     </span>
    </p>
   </div>
  </div>
 </body>
</html>
