1956 3106
155 176 188 224 20
320 176 357 226 Μ.
395 174 496 226 ΑΝΝ.
532 172 714 226 LUCANl

155 294 248 345 Cernit
256 293 321 344 tabe
330 292 407 343 iecur
416 293 554 344 madidum
561 292 714 360 tractasque
724 293 845 345 minaces

152 362 256 413 Hostili
265 362 299 412 de
309 368 388 429 parte
399 363 480 413 videt.
501 362 639 412 Pulnrcnis
651 359 740 412 anheli

152 431 236 482 Fibra
246 432 326 493 latet,
337 446 490 498 parvusquo
501 438 578 481 secat
588 430 681 480 vitalia
690 431 775 481 linres.

154 502 208 551 Cor
217 502 303 552 iacet:
316 506 344 550 et
354 501 457 550 saniem
468 516 518 567 per
527 498 634 550 hiantes
644 501 751 550 viscera
761 500 843 549 rimas

92 568 143 620 625
154 570 301 620 Emittant:
311 569 483 635 produntque
496 584 559 619 suas
570 575 680 619 omenta
689 568 817 618 latebras.

150 638 287 704 'Quodque
299 637 399 700 (nefas)
410 638 488 688 nullis
498 639 608 704 impune
619 639 745 705 apparuit
755 638 834 698 entis,

152 708 235 768 Ecce,
247 706 322 756 videt
333 707 416 772 capiti
425 705 555 756 librarum
563 708 718 757 inerescere
728 705 827 755 molem

152 776 268 825 Alterius
279 775 390 840 capitis:
402 791 465 840 pars
478 791 562 843 aegra
572 779 600 825 et
610 775 732 825 marcida
742 774 852 841 pendet,

151 844 220 894 Pars
230 845 314 893 micat
326 849 354 894 et
365 844 447 895 celeri
456 859 538 894 vonas
550 848 642 894 movet
651 844 776 910 improba
787 843 873 910 pulsu.

93 911 142 962 630
153 913 205 962 His
215 912 261 962 ubi
273 914 400 979 concepit
410 928 571 980 magnorum
580 912 639 963 fata
650 913 792 974 malorum,

151 981 307 1032 Exclamat:
322 980 438 1053 Vixfar,
451 981 549 1049 nuperi,
560 998 737 1048 quaecumque
748 980 860 1032 monetis

150 1049 268 1102 Prodere
279 1067 319 1102 rue
327 1051 452 1118 pepulit:
466 1068 549 1118 neque
560 1052 628 1104 enim
640 1051 690 1103 tili
701 1067 798 1102 currunt
809 1051 873 1101 litae

151 1119 277 1187 Iuppiter
288 1119 337 1172 noc
348 1137 471 1173 eacrnrn:
482 1121 604 1188 caesique
615 1120 644 1173 r'n
651 1130 766 1188 pectora
778 1119 854 1171 tauri

150 1189 259 1260 inferni
269 1207 362 1242 uenere
374 1191 423 1242 uei.
446 1191 601 1262 Nonfanda
613 1189 750 1242 timentur.-

92 1257 141 1308 635
155 1259 208 1310 Sed
217 1260 323 1313 venient
335 1260 440 1313 maiora
451 1271 532 1312 rnatu.
557 1258 597 1311 Di
607 1259 664 1312 vira
675 1258 827 1321 secundent,

150 1327 191 1380 Et
195 1328 278 1397 fllrr'r
289 1331 325 1381 u't
334 1333 408 1382 nulla
412 1330 506 1399 fldem
524 1331 569 1381 red
578 1329 701 1381 eonditor
713 1326 784 1379 artie

152 1395 283 1449 Finxerit
293 1398 349 1448 ieta
365 1398 462 1465 Tagen.
480 1400 566 1450 Flexa
576 1400 615 1448 sic
627 1400 718 1448 omina
729 1399 836 1447 Tuscus

149 1466 301 1527 Involvens,
312 1466 449 1531 multaque
459 1474 554 1533 tegens
566 1467 680 1532 ambage
692 1466 817 1516 canebat.

201 1533 237 1582 At
245 1533 370 1600 Figulus,
383 1534 427 1582 cui
438 1550 504 1584 cura
514 1535 581 1584 eleos
592 1540 753 1601 secretaque
765 1535 834 1586 coeli

90 1602 140 1654 64⁰
151 1600 240 1652 Nosse
247 1600 307 1663 luit,
315 1617 395 1667 quem
406 1616 460 1651 non
466 1603 605 1653 stellarum
611 1603 873 1672 AegyptiaMemphi

149 1672 287 1736 Aequaret
297 1671 365 1731 visu,
377 1672 548 1737 nrunerieque
561 1670 732 1721 moventibus
744 1678 827 1736 astra,

150 1739 207 1788 Aut
217 1737 260 1790 lu'c
271 1747 362 1799 errat,
372 1740 422 1800 ait,
433 1741 507 1790 nulla
519 1755 577 1789 curn
589 1741 646 1805 lege
656 1754 704 1803 per
714 1756 809 1791 aarum

150 1807 277 1870 Mundus,
290 1817 318 1859 et
326 1807 428 1859 incerto
441 1808 599 1858 discurrunt
607 1807 698 1858 nidera
709 1817 799 1858 motu:

150 1877 222 1938 Aut,
233 1877 329 1947 aifatu
341 1884 454 1937 ruoaent,
468 1875 534 1928 Urbi
542 1876 689 1944 generique
698 1885 818 1944 paratur

90 1944 140 1995 645
151 1945 277 1997 Humano
289 1955 398 1996 matura
408 1947 471 1996 luet.
500 1945 636 1998 Terraene
648 1947 791 2009 dehiscent,

152 2013 345 2078 Subsidentque
354 2014 450 2065 urben?
467 2033 502 2067 an
515 2018 592 2067 tollet
597 2017 724 2087 fervidae
736 2034 784 2068 aer

154 2082 335 2150 Temperiem?
345 2093 447 2151 tegetes
460 2088 539 2137 tellus
548 2084 633 2155 infida
644 2085 775 2154 negabit?

152 2151 244 2205 Omnia
255 2169 290 2205 an
300 2151 400 2224 r'nfurie
411 2152 565 2206 rreicceba'tur
576 2156 650 2207 unda
660 2151 781 2205 aenenirl

153 2222 233 2286 Quod
243 2223 329 2274 eladio
336 2239 430 2291 genua,
442 2241 457 2275 o
467 2224 568 2292 nuperi,
579 2240 630 2290 qua
640 2232 717 2289 perte
725 2219 835 2288 paratio

91 2291 141 2342 650
154 2292 321 2345 Saeuitiam?
339 2293 467 2346 Extremi
479 2297 622 2345 multorum
635 2301 738 2358 ternpus
747 2290 777 2342 r'n
787 2305 869 2340 unum

152 2360 304 2414 Convenere
315 2362 379 2413 dier.
399 2366 506 2416 Sunzruo
517 2360 658 2432 rr‘frr‘girla
669 2361 740 2411 coelo

152 2430 236 2481 Stella
247 2446 342 2481 nocens
353 2432 445 2500 nigror
457 2430 571 2483 Saturni
580 2431 739 2482 accenderet
750 2428 835 2498 igneo,

150 2496 348 2550 Deucalioneor
353 2501 474 2570 fudisset
484 2499 620 2568 Aquarius
630 2498 735 2561 irulrer,

153 2565 277 2634 Totaque
289 2567 388 2635 diffuso
400 2569 523 2622 latuiuet
535 2569 564 2620 in
573 2585 688 2634 aequore
700 2570 787 2619 tellau.

90 2636 140 2688 655
153 2634 184 2687 Si
195 2652 302 2688 eaerum
311 2638 397 2689 rediit
410 2639 580 2699 Nemeaeum,
589 2635 702 2698 Phoebe,
713 2637 827 2690 Leonem

150 2703 228 2759 Nunc
234 2722 378 2774 premerer,
390 2717 447 2761 toto
455 2704 572 2771 fluerent
584 2706 708 2759 incendia
720 2708 826 2766 mundo,
