1956 3106
223 193 509 250 PHAESALI'A.
545 197 634 249 LlB.
662 200 696 252 V.
792 202 824 253 93

87 318 265 372 Collaudant:
285 318 455 382 Libyamque
465 316 568 378 iubent,
581 324 692 369 auctore
704 327 809 382 senatu,

87 387 258 456 Sceptrifero
269 401 366 452 parere
378 385 470 435 lubae.
498 385 552 433 Pro
568 386 656 435 tristia
666 386 736 438 fatal

89 461 132 510 En
143 456 201 518 tibi,
213 472 264 506 non
278 455 347 504 sidae
358 456 446 521 gentis
459 453 613 520 dignissime
624 470 718 522 regno,

89 530 237 585 Fortunae,
249 523 416 583 Ptolemaee,
427 523 523 589 pudor,
538 524 692 590 crimenque
702 526 823 590 deorum,

91 598 205 664 Cingere
217 593 327 643 Pellaeo
338 607 447 658 pressos
459 591 613 642 diademate
625 595 713 644 crines
851 597 883 646 60

89 664 264 716 Permissum.
276 659 391 711 Saevum
397 660 738 729 inpopulos‚puer,accipis
745 678 849 715 ensem:

88 737 176 801 Atque
188 735 290 781 utinam
301 731 327 779 in
339 729 465 796 populos!
479 730 588 779 Donata
600 738 641 781 est
652 733 728 800 regia
738 734 822 802 Lagi3

89 803 212 854 Accessit
221 800 313 866 Magni
323 799 443 866 iugulas:
455 815 621 866 regnumque
632 803 720 851 sorori

89 873 220 937 Ereptum
232 876 287 930 est,
299 884 449 934 soceroque
461 867 546 917 nefas.

513 939 569 986 lani
581 939 661 988 turba
671 940 759 990 soluto

87 1012 171 1061 Arma
180 1010 249 1075 petit
260 1014 348 1058 coetu.
369 1007 445 1066 Quae
457 1021 516 1055 cum
528 1007 671 1074 populique
683 1008 819 1076 ducesque
850 1009 882 1059 65

90 1079 203 1129 Casibus
213 1077 338 1136 incertis,
350 1083 378 1125 et
389 1090 473 1126 caeca
484 1083 558 1124 sorte
569 1083 706 1139 pararent,

89 1147 170 1198 Solus
181 1148 208 1197 in
220 1145 351 1211 ancipites
362 1145 460 1194 metuit
471 1143 636 1194 descendere
648 1145 745 1196 Martis

89 1218 191 1283 Appius
203 1219 328 1265 eventus:
354 1215 489 1278 finemquo
501 1227 661 1278 expromere
673 1229 762 1264 rerum

54 1285 59 1295 '
90 1285 227 1336 Sollicitat
237 1297 365 1347 superos,
381 1282 534 1346 multosque
547 1281 666 1331 obducta
678 1298 727 1348 per
738 1299 823 1335 annos

88 1351 225 1418 Delphica
237 1350 342 1401 fatidici
353 1357 458 1399 reserat
471 1351 621 1415 penetralia
631 1350 743 1402 Phoebi.
849 1357 882 1405 7⁰

144 1421 278 1486 Hesperio
290 1425 404 1481 tantum,
413 1426 541 1486 quantum
553 1419 694 1471 submotus
704 1423 763 1474 Eoo

67 1516 73 1531 ·
90 1492 216 1552 Cardine,
237 1491 372 1540 Parnasus
384 1491 490 1556 gemino
501 1491 571 1554 petit
582 1488 694 1541 aethera
706 1493 782 1553 colle,

88 1562 170 1614 Mons
192 1558 304 1611 Phoebo
325 1559 489 1626 Bromioque
516 1574 607 1611 sacer:
633 1563 676 1610 oui
698 1564 805 1613 numine

563 1632 648 1681 mixto

90 1697 225 1766 Delphica
235 1695 384 1748 Thebanae
395 1696 518 1749 referunt
533 1700 673 1751 trieterica
688 1701 822 1752 Bacchae.

90 1769 154 1820 Hoc
164 1768 265 1830 solum,
277 1766 361 1816 fluctu
367 1774 455 1817 terras
467 1775 620 1835 mergente,
633 1785 762 1821 cacumen
850 1770 883 1819 to

89 1839 222 1898 Emicuit,
233 1842 371 1901 pontoque
383 1835 434 1886 fuit
445 1837 604 1899 discrimen,
618 1845 646 1889 et
657 1841 745 1890 astris.

91 1909 135 1957 Tu
152 1920 259 1973 quoque
274 1905 319 1954 vix
334 1920 465 1954 summam
486 1906 614 1957 seductus
631 1908 664 1957 ab
688 1924 806 1976 aequore

564 1991 595 2025 ru
616 1992 658 2026 em

92 2041 253 2103 Extuleras,
264 2056 372 2107 unoque
383 2044 460 2108 iugo,
472 1993 728 2107 ParnasePlatebas.

91 2112 174 2163 Vltor
183 2110 220 2160 ibi
233 2110 375 2176 expulsae,
387 2119 524 2175 premeret
534 2128 594 2162 cum
606 2116 712 2165 viscora
720 2130 824 2182 partus,

90 2180 202 2241 Matris,
215 2177 304 2230 adhuc
315 2179 425 2228 rudibus
436 2179 527 2230 Paean
539 2179 667 2245 Pythona
678 2186 784 2250 sagittis
852 2185 884 2234 80

91 2249 238 2315 Explicuit,
246 2264 306 2299 cum
313 2246 514 2316 regna'Phemis
523 2251 700 2317 tripodasque
711 2258 825 2304 teneret.

93 2321 129 2370 Ut
137 2319 204 2369 vidit
214 2318 306 2370 Paean
319 2326 411 2368 vastos
421 2318 526 2368 telluris
537 2315 627 2371 hiatus

91 2388 217 2439 Divinam
230 2390 334 2455 spirare
346 2386 442 2450 tidem,
453 2394 603 2454 ventosque
615 2389 743 2457 loquaces

91 2454 228 2508 Exhalare
240 2457 340 2514 solum.
353 2458 437 2507 sacris
448 2472 477 2507 se
488 2458 610 2508 condidit
621 2460 714 2521 antris,

90 2525 269 2593 incubuitque
281 2527 379 2592 adyto,
389 2534 466 2577 vates
475 2527 513 2577 ibi
524 2525 626 2591 iactus,
637 2529 741 2595 Apollo.
852 2532 885 2584 85

146 2594 212 2655 Quis
222 2595 291 2647 latet
300 2594 344 2647 hic
360 2594 505 2663 superuml
526 2597 598 2664 quod
614 2614 713 2649 numen
730 2600 763 2650 ab
781 2615 824 2653 ae·

562 2663 639 2720 there
651 2684 773 2735 pressum

91 2733 228 2801 Dignatur
240 2748 336 2785 caecas
346 2734 477 2786 inclusum
488 2732 612 2790 habitare
626 2738 773 2792 cavernosi
