1956 3106
152 161 185 209 84
323 158 360 208 Μ.
396 156 497 206 ΑΝΝ.
533 156 716 208 LUCANI
796 213 799 217 ,
878 155 888 218 f

154 277 241 330 Terra
251 274 407 348 suifoetus,
418 278 499 343 quod,
509 274 569 327 curn
582 277 694 346 tetigere
703 283 854 344 parentem,

92 347 141 399 60⁰
152 349 210 399 latre
223 347 327 416 defecta
340 347 431 414 rigent
441 357 570 399 renovato
582 347 676 397 robore
689 345 814 397 membra.
834 411 837 415 Ι

151 416 227 467 Haec
237 416 279 467 illi
291 419 415 484 spelunca
429 417 533 467 domus:
545 415 655 467 latuisse
666 415 712 467 sul
726 417 783 466 ulta

151 486 228 552 Rupe
234 485 348 555 ferunt,
360 486 451 550 epulas
462 496 555 554 raptos
567 484 691 536 ltaluisse
702 489 796 536 leones.

153 556 196 606 Ad
208 571 311 607 somnos
321 572 372 607 non
383 564 462 621 terga
469 555 551 624 ferae
559 555 687 620 praebere
700 553 783 606 culile

152 625 319 685 Admorunt,
330 640 381 674 non
392 623 574 676 silvatorum:
586 624 707 690 viresque
719 621 831 674 resumit

13 707 18 717 “
93 693 143 744 605
154 695 187 745 ln
199 695 273 745 nuda
285 697 380 744 tellure
392 692 490 743 iacens.
521 692 633 745 Periere
644 692 731 744 coloni

153 763 287 813 Arvorum
298 762 394 829 Libyes
406 780 413 809 .·
424 772 542 828 pereunt
554 779 618 828 quos
629 762 736 828 adpulit
747 777 855 826 aequor,

152 831 313 898 Auxilioque
326 832 371 880 diu
382 830 469 882 uirtus
480 849 531 884 non
543 848 591 883 usa
603 830 721 893 cadendi,

112 950 115 958 ,
155 901 257 952 Terrae
269 901 372 966 spernit
384 917 463 967 opes:
474 901 589 953 invictus
599 899 694 952 robore
704 899 817 960 cunctis,

153 970 279 1033 Quamvis
291 979 390 1031 staret,
404 981 470 1020 erat.
504 969 621 1022 Tandem
632 972 745 1039 uulgato
756 967 863 1021 cruenti

91 1040 141 1091 6110
151 1041 239 1091 Poma
251 1039 329 1099 ntuli,
342 1048 430 1090 terras
441 1039 566 1091 monstris
583 1056 733 1106 aequorque
744 1041 875 1109 levantem

151 1109 355 1178 Magnanimum
366 1108 475 1161 Alciden
485 1109 599 1178 Libycas
612 1109 710 1161 excivit
720 1109 749 1161 iu
760 1123 832 1160 oras.

151 1180 200 1230 llle
214 1178 338 1232 Cleonaei
348 1178 463 1245 proiecit
474 1188 554 1245 terga
565 1179 656 1240 leonis,

150 1249 271 1301 Antaeus
282 1248 385 1316 Libyci.
416 1248 552 1319 Perfudit
563 1249 678 1299 rnemlra
690 1247 792 1312 liquore

151 1317 265 1386 Hospes,
280 1315 453 1386 Olympiacae
464 1327 569 1368 servato
580 1335 651 1369 more
659 1319 824 1384 palaestrae.

91 1385 141 1437 615
153 1388 202 1438 llle
209 1387 405 1455 purumfldeus
414 1387 525 1452 pedibus
538 1388 693 1454 contingere
704 1395 826 1444 matrem,
869 1399 870 1402 ’
883 1389 887 1448 ζ

151 1455 291 1508 Auxilium
303 1455 425 1506 membris
436 1456 541 1506 calidos
552 1456 677 1526 iufundit
689 1470 794 1506 arenas.

153 1524 317 1576 Conseruere
328 1541 436 1584 rosanus,
450 1535 475 1575 et
486 1528 566 1575 rnrelto
579 1524 691 1575 lraclsia
702 1540 781 1575 nexu.

155 1592 229 1644 Colla
242 1595 290 1645 diu
299 1593 430 1660 gravibus
437 1594 550 1663 frustra
563 1604 670 1646 tentata
681 1593 806 1644 lacertis:

152 1664 342 1728 Irnrrtotumque
354 1672 435 1728 caput
441 1661 505 1730 fixa
518 1680 577 1714 cum
583 1664 679 1734 fronte
690 1671 805 1714 tenetur.

94 1731 144 1781 620
158 1731 348 1799 Miranturque
360 1731 482 1782 hahetisse
493 1748 595 1797 parent.
625 1733 679 1785 Nec
690 1731 789 1783 viribus
800 1729 841 1781 uti

151 1802 256 1852 Alcides
265 1803 354 1869 primo
367 1801 451 1852 voluit
463 1803 609 1854 certamine
621 1802 695 1862 totis,

149 1870 340 1938 Exhausitque
352 1872 454 1922 airum:
470 1873 541 1935 quod
551 1873 641 1924 creber
652 1870 786 1924 ontettrm
795 1869 838 1919 illi

151 1940 287 2004 Prodidit,
299 1950 324 1991 et
332 1940 439 2009 gelidus
447 1939 525 2011 fesso
538 1943 567 1993 de
580 1958 690 2010 corpore
702 1942 789 1992 sudor.

138 2028 139 2031 ¹
154 2009 230 2062 Tune
242 2010 333 2062 ceruix
345 2013 447 2061 lassata
460 2012 552 2076 quati:
568 2022 633 2064 tune
640 2021 748 2079 pectore
756 2017 849 2076 pectus

91 2079 140 2130 625
154 2079 269 2149 Urgeri:
281 2089 343 2132 tunc
355 2080 461 2146 obliqua
470 2098 598 2147 percussa
609 2083 698 2132 lalare

151 2149 240 2201 Crura
252 2167 340 2202 rreanu,
371 2151 429 2201 Iam
440 2160 519 2218 terga
531 2151 585 2202 oiri
595 2150 715 2202 cedentia
727 2147 814 2199 vietor
864 2179 867 2182 -

149 2219 274 2288 Adligat,
285 2230 312 2271 et
322 2220 449 2281 medium,
461 2220 614 2287 compressis
624 2219 715 2279 iliius,
728 2226 831 2269 arctat:

149 2289 322 2357 inguinaque
332 2288 441 2341 insertis
449 2291 562 2354 pedibus
573 2288 715 2349 distendit,
728 2297 753 2339 et
766 2302 866 2338 amnem

149 2358 291 2425 Explicuit
300 2377 348 2426 per
360 2359 476 2409 membra
488 2360 583 2410 airum.
611 2358 696 2423 Rapit
712 2356 793 2409 arida
805 2357 885 2409 tellus

90 2427 140 2478 630
152 2429 297 2479 Sudorem:
309 2429 396 2479 calido
409 2432 574 2495 complentur
584 2426 715 2496 sanguine
724 2443 815 2478 oenus.

149 2498 307 2548 intumuere
319 2499 380 2558 tori,
392 2507 512 2562 totosque
525 2497 648 2550 induruit
658 2505 744 2556 artus,

151 2565 349 2631 Herculeosque
361 2584 426 2618 nooo
438 2567 544 2618 laxuoit
553 2582 665 2634 corpore
675 2566 763 2616 nodos.

151 2634 282 2686 Constitit
293 2635 398 2687 Alcides
409 2637 580 2706 stupefactus
591 2635 682 2687 robore
695 2643 788 2686 tanto:

150 2703 207 2755 Nec
219 2705 257 2757 sic
270 2704 396 2767 lnacliiis,
408 2706 528 2770 quaternis
540 2706 615 2757 rudis
626 2714 701 2768 esset,
712 2703 740 2757 iu
750 2701 831 2756 undis
