1956 3106
187 195 472 248 Pttnusnutn.
508 196 669 252 Lumvl.
748 201 799 253 131

68 314 222 383 Tisiphone,
234 316 357 379 uocisque
368 330 440 365 ureae
451 331 546 366 recuro
557 315 699 383 Megaera,
806 320 862 370 mo

13 401 16 405 ·
39 436 42 442 ,
64 386 128 438 Nou
138 385 223 452 agitis
235 385 319 436 roeois
331 383 417 435 Erebi
423 399 474 449 per
486 383 693 453 inaueflogellir

62 455 203 526 Infelicem
215 453 351 505 animam?
371 452 429 503 loru
440 468 485 504 ooo
495 470 543 521 ego
554 454 660 506 momine
670 472 732 506 aero

64 523 192 586 Eliciam,
204 521 366 591 Stygiaeque
377 537 456 572 caneo
468 523 497 574 iu
507 524 566 574 luce
576 539 692 590 superna

64 592 238 644 Destituam:
249 607 302 657 per
313 591 391 641 bustu
401 606 506 655 sequar,
514 608 565 658 per
569 593 675 663 funera
686 604 789 646 custos:

65 662 210 728 Expellam
221 659 339 720 tumulis,
350 659 512 726 abigomuor
523 662 641 713 omm'buo
652 663 735 716 uruit.
807 663 859 713 735

70 730 159 797 Teque
172 729 236 791 deit,
248 731 357 795 adquae
367 729 422 780 alio
431 731 578 795 procedere
587 734 664 784 oultu

65 799 148 851 Ficta
159 801 234 861 tolet,
245 798 358 859 Hecate,
365 798 481 863 pollenti
492 799 693 872 tabidosum,

67 868 221 928 Ostendam,
228 867 385 939 faciemque
396 866 481 919 Erebi
489 878 595 921 mutare
605 870 708 922 vetabo.

67 937 197 1005 Eloquar,
209 937 334 989 immerito
345 944 435 987 terrae
446 936 492 987 rub
501 939 618 1004 paudere
627 957 694 1005 quoe
705 949 731 991 te

66 1005 238 1068 Contiueant,
248 1006 374 1066 Ennoea,
387 1006 476 1071 dapes,
485 1008 654 1077 quofoedero
664 1019 793 1061 moestum
806 1010 861 1059 mo

66 1076 167 1144 Regem
178 1074 263 1126 noetis
273 1091 353 1137 ornes,
365 1090 432 1139 quae
444 1084 471 1126 te
481 1075 609 1143 contagia
617 1093 726 1144 parram

65 1145 193 1196 Noluerit
205 1160 329 1195 reuocare
339 1160 448 1210 parent.
482 1143 552 1205 Tibi,
560 1146 673 1211 pessime
685 1146 776 1197 muudi
860 1149 864 1156 '

64 1215 184 1275 Arbiter,
194 1212 339 1264 immittam
351 1211 441 1278 ruptio
456 1211 559 1265 Titana
569 1213 698 1276 cauernis,
713 1207 720 1221 '

65 1283 105 1334 Et
115 1281 314 1351 stobitoferiere
326 1280 376 1332 die.
408 1282 538 1334 Paretirl
556 1299 592 1334 uu
602 1281 648 1334 ille

68 1350 275 1416 Compellandus
286 1351 347 1411 erit,
358 1366 409 1416 quo
421 1367 564 1419 numquam
575 1360 651 1404 terra
661 1359 755 1402 uocato
806 1350 861 1401 145

67 1419 96 1473 N
98 1438 131 1472 ou
142 1435 269 1470 concurro
280 1419 381 1483 tremit,
394 1419 441 1486 qui
449 1423 578 1489 Gor-gono
589 1419 814 1487 cernitopertam,

72 1488 281 1555 Verberibusque
292 1489 347 1540 ruit
357 1490 491 1557 trepidam
500 1491 622 1560 castigat
631 1489 764 1558 Erinnyu,

65 1559 222 1625 lrtlerpecta
233 1568 306 1610 teuet
314 1559 386 1610 oobir
398 1560 445 1625 qui
459 1559 581 1612 Tartara
587 1577 599 1620 ,·
617 1560 694 1612 cuiue

72 1626 123 1680 Vos
133 1629 206 1691 ertit,
218 1628 310 1696 superi
315 1645 326 1689 ,·
345 1629 459 1697 Stygiae
469 1630 516 1697 qui
524 1629 631 1698 peierat
641 1629 746 1682 trudas?

67 1699 194 1749 Protinus
206 1699 353 1750 adstrictus
365 1700 448 1749 caluit
458 1715 546 1762 cruor,
559 1706 671 1768 atroque
681 1699 751 1750 fovit
806 1697 863 1748 tto

67 1768 195 1828 Vulnera,
208 1774 236 1817 et
246 1769 273 1817 in
283 1783 366 1819 venas
378 1773 553 1835 extremaque
570 1768 692 1820 membra
708 1784 759 1818 cu-v

540 1839 636 1888 currit.

68 1905 219 1956 Percussae
230 1902 319 1971 gelido
332 1904 470 1970 trepidant
481 1906 529 1956 sub
542 1911 654 1972 pectore
666 1904 764 1954 fibraec

67 1976 105 2024 Et
116 1987 188 2022 nova
199 1971 317 2023 desuetis
324 1972 471 2038 subrepens
481 1976 537 2024 vito
547 1974 678 2034 medullis,

67 2045 202 2094 Miscetur
212 2041 302 2091 morti.
323 2041 401 2090 'l'unc
413 2044 498 2093 omnis
510 2043 626 2109 palpitat
637 2048 726 2092 ortust

69 2111 232 2163 Tenduntur
240 2109 329 2160 nervi:
351 2124 401 2159 nec
411 2125 441 2159 se
453 2111 549 2161 tellure
560 2112 678 2162 cadauer
808 2108 862 2158 155

68 2179 205 2231 Paulatim
216 2193 265 2246 per
279 2178 401 2228 membra
417 2178 497 2240 levat,
513 2185 641 2246 terraque
655 2176 792 2244 repulsum

542 2253 593 2310 est,

68 2320 251 2386 Erectumque
261 2315 347 2368 simul.
379 2316 505 2369 Distento
517 2317 618 2367 lumina
628 2317 699 2368 rictu

68 2387 221 2439 Nudantur.
248 2384 375 2438 Nondum
387 2385 473 2437 facies
482 2387 598 2438 viventis
609 2386 705 2447 inillo,

69 2458 127 2507 lum
134 2457 274 2507 morientis
283 2461 350 2506 erat.
366 2455 792 2523 Remanetpallorquerigorque;

69 2526 107 2576 Et
116 2531 207 2592 stupet
219 2526 308 2576 illutus
318 2525 427 2576 mundo.
456 2523 510 2576 Sed
520 2540 657 2577 murmure
667 2522 740 2574 nullo
810 2523 864 2575 ‘too
959 2589 962 2597 Ι

70 2595 127 2645 Ora
139 2594 271 2645 adstricto
280 2599 387 2646 sonant.
415 2594 479 2646 Vox
489 2595 537 2658 illi,
547 2594 640 2662 lingua
658 2597 805 2645 uetustum

68 2659 245 2731 Responsura
256 2663 344 2714 datur.
374 2662 438 2724 Dic,
447 2664 535 2732 inquit
545 2610 687 2726 Thessila,
698 2678 809 2733 magua,

21 2782 23 2787 ,
72 2730 150 2788 Quot
159 2732 244 2794 iubeo,
257 2733 375 2784 mercede
385 2732 466 2785 mibi.-
484 2751 545 2786 nam
556 2750 620 2786 cero
631 2735 746 2785 locutum
