1956 3106
157 157 190 205 50
328 157 366 206 M.
403 155 501 207 ΑΚΝ.
537 156 715 207 LUCANI

156 277 301 341 Dispersus
312 277 384 325 siliis
396 275 532 338 athamas,
545 281 573 325 et
583 278 690 326 nomine
702 278 792 343 prisco
886 284 894 296 ⁴

157 343 313 406 Encheliae,
326 346 396 395 versi
408 351 539 395 testantes
551 344 647 402 itinera
659 347 760 407 Cadnri,

96 413 147 463 19⁰
162 412 283 476 Colchis,
305 420 333 464 et
347 413 477 463 Adriacas
499 429 626 480 spumans
647 416 778 481 Apsyrtos
799 416 828 464 in

628 484 722 544 undas,
847 539 850 543 ,

157 553 191 601 Et
202 551 284 601 Penei
296 553 339 618 qui
351 566 415 600 rura
427 551 527 612 colunt,
541 568 707 619 quorumque
719 553 812 602 labore

156 618 303 670 Thessalus
310 621 466 669 Aemoniam
472 622 719 686 vomerproscindit
726 623 826 671 lolcon.

156 689 220 738 lnde
232 689 386 738 lacessitum
398 690 581 754 promomine,
593 705 654 739 cunr
666 691 740 740 rudis
751 693 823 756 Argo

155 757 265 806 Miscuit
274 758 382 823 ignotas
395 764 528 808 temerato
541 758 621 809 litore
632 766 737 826 gentes,

95 823 145 874 195
156 825 300 892 Primaque
312 841 373 875 cum
385 828 481 888 ventis,
493 827 634 893 pelagique.
646 827 796 877 sinentibus
807 829 891 880 undis

157 896 315 959 Composuit
324 896 441 945 mortale
452 911 545 963 genus,
557 896 675 964 fatisque
686 912 735 963 per
745 897 820 947 illam

155 965 277 1014 Accessit
287 979 360 1015 mors
371 981 426 1015 una
436 973 532 1015 ratem.
545 966 623 1015 'l'uoc
633 965 887 1033 linquiturllaemus

156 1031 299 1096 Thracius,
315 1039 343 1084 et
352 1035 481 1101 populum
491 1032 595 1085 Pholoe
606 1037 720 1084 mentita
731 1035 885 1086 biformem.

155 1102 296 1154 Deseritur
308 1102 436 1170 Strymon
447 1104 539 1171 tepido
552 1106 721 1154 committere
731 1103 792 1153 Nilo

95 1173 145 1220 200
156 1173 293 1224 Bistonias
304 1181 449 1225 consuetus
461 1188 533 1234 aves,
545 1180 573 1223 et
582 1173 700 1224 barbara
710 1174 783 1224 Cone

155 1240 321 1292 Sarmaticas
326 1243 371 1293 ubi
377 1243 467 1310 perdit
472 1242 885 1310 aquas,sparsarnqueprofundo

154 1311 280 1362 Multifidi
290 1313 398 1363 Peucen
409 1328 490 1364 unum
504 1319 586 1378 eaput
598 1312 681 1363 adluit
691 1313 765 1362 lstri:

154 1381 306 1447 Mysiaque,
318 1389 346 1431 et
355 1382 445 1448 gelido
455 1381 535 1431 tellus
545 1380 656 1446 perfusa
664 1383 745 1431 Caico

153 1449 242 1508 Idolis,
255 1457 283 1498 et
293 1451 403 1499 nimium
414 1451 499 1516 glebis
510 1449 588 1499 exilis
598 1450 700 1499 Arisbe.

93 1516 143 1565 205
156 1517 888 1583 QuiquecoluntPitanen,etquaetuamunera‚Pallas,

152 1586 260 1650 Lugent
271 1585 414 1636 damnatae
425 1585 538 1636 Phoebo
551 1587 655 1636 victore
667 1586 813 1637 Celaenae:

154 1655 214 1714 Qua
225 1655 297 1704 celer
306 1661 335 1705 et
345 1656 409 1719 ripis
422 1654 588 1704 descendens
598 1655 711 1720 Marsya
720 1658 803 1706 rectis

152 1724 295 1772 Errantem
306 1723 474 1774 Maeandron
488 1723 553 1785 adit,
564 1725 718 1792 mixtusque
728 1725 861 1776 refertur:

152 1791 289 1858 Passaque
300 1792 333 1842 ab
345 1791 469 1843 auriferis
480 1792 561 1843 tellus
573 1795 648 1844 exire
658 1794 774 1845 metallis

92 1861 142 1909 210
153 1859 299 1909 Pactolon:
311 1876 364 1928 qua
375 1861 448 1910 culta
460 1868 536 1912 secat
546 1877 600 1912 non
610 1863 689 1914 rilior
697 1865 824 1914 Hermus.

152 1929 250 1978 Iliacae
262 1944 369 1996 quoque
379 1931 457 1998 signa
467 1945 571 1993 manus,
584 1934 758 2001 perituraque
769 1940 860 1985 castra

152 1996 292 2047 Ominibus
305 2000 409 2063 petiere
420 2001 489 2050 suis:
501 2016 552 2051 nec
562 2001 655 2060 fabula
667 2004 768 2053 Troiae

153 2066 298 2128 Continuit
311 2065 477 2135 Phrygiique
489 2068 580 2120 ferens
592 2087 621 2120 se
632 2073 733 2121 Caesar
743 2072 801 2120 luli.

152 2135 291 2186 Accedunt
301 2134 397 2202 Syriae
407 2139 509 2203 populi,
521 2139 645 2191 desertus
656 2141 782 2197 Orontes,

93 2205 143 2255 215
154 2206 191 2255 Et
201 2203 279 2267 felix,
292 2207 343 2267 (sic
354 2205 438 2267 fama)
448 2206 546 2258 Ninos:
561 2214 675 2258 ventosa
686 2207 844 2265 Damascos,

154 2274 290 2340 Curaque,
303 2281 330 2325 et
342 2275 452 2326 arbusto
462 2276 611 2342 palmarum
622 2275 697 2326 dives
708 2276 810 2334 ldume‚

152 2344 189 2393 Et
200 2345 291 2408 Tyros
300 2345 441 2406 instabilis,
452 2346 625 2412 pretiosaque
636 2346 738 2395 murice
750 2341 844 2394 Sidon.

151 2413 209 2463 llas
221 2412 256 2462 ad
265 2412 336 2463 bella
346 2420 429 2477 rates,
441 2430 494 2464 non
506 2413 576 2464 flexo
589 2415 673 2465 limite
684 2414 769 2480 ponti,

158 2482 264 2531 Certior
275 2481 346 2533 haud
357 2485 417 2534 ullis
428 2484 504 2534 duxit
515 2485 657 2549 Cynosura
667 2485 774 2534 carinis.

90 2550 141 2601 220
152 2548 302 2602 Phoenices
314 2554 401 2620 primi,
412 2551 501 2604 famae
512 2554 535 2604 si
546 2553 673 2616 creditur,
686 2555 745 2604 ausi

150 2619 305 2670 Mansuram
318 2623 429 2673 rudibus
439 2637 534 2673 rocem
546 2624 667 2690 signasse
678 2624 781 2691 liguris.

149 2687 274 2740 Nondum
285 2689 426 2743 flumineas
437 2689 571 2758 Memphis
583 2699 731 2744 contexere
741 2692 830 2743 biblos
