1950 3218
198 133 485 187 Prinassum.
521 135 612 188 LIB.
641 139 730 192 VIII.
754 152 756 156 ·
781 141 833 191 ist

89 257 154 307 Hae
165 253 236 305 faeie
248 256 372 307 Fortuna
380 254 432 304 tibi
442 255 567 305 Romana
575 256 712 322 placebas.

89 326 115 376 N
118 340 150 376 ee
162 325 228 375 satis
248 323 361 373 infando
373 322 425 373 fuit
435 320 489 374 hoc
499 324 600 374 vidisse
611 330 743 389 tyrannm

89 396 158 449 Vult
168 394 265 443 sceleri
277 402 420 458 superesse
432 393 521 443 fidem.
542 394 621 443 Tunc
634 401 692 444 arte
703 395 821 446 nefanda

90 464 226 516 Submota
236 468 278 512 est
289 461 373 527 capiti
383 461 476 512 tabes:
495 468 629 529 raptoque
641 464 754 514 cerebro

91 535 241 585 Exsiccata
254 533 332 592 eutis,
345 532 486 598 putrisque
497 531 603 581 effluxit
615 533 648 582 ab
659 533 715 583 alto
840 531 891 582 ato

90 604 208 662 Humor,
221 608 249 651 et
259 599 348 650 inluso
360 600 446 652 facies
456 600 574 651 solidata
585 616 689 653 veneno
701 608 751 652 est.

145 671 247 722 Ultima
256 670 369 736 Lageae
381 671 482 736 stirpis,
493 671 668 738 perituraque
680 670 780 737 proles,

91 743 229 808 Degener,
240 741 363 789 incestae
374 740 490 805 sceptris
502 754 613 790 cessure
625 742 737 802 sororis,

91 813 160 862 Cum
173 810 223 859 tibi
234 813 344 859 sacrato
354 808 491 859 Macedon
503 814 627 859 servetur
635 811 663 859 in
675 816 763 872 antro,

89 882 128 930 Et
139 894 234 945 regum
247 880 351 928 eineres
362 883 503 928 exstructo
515 884 607 928 monte
619 881 753 945 quiseant,
841 877 892 928 695

92 951 160 999 Cum
169 948 391 997 Ptolemaeorum
401 961 495 996 manes
506 948 657 1014 seriemque
668 948 822 1014 pudendam

90 1017 253 1083 Pyramides
267 1016 403 1077 claudant,
416 1015 581 1082 indignaque
592 1017 747 1067 Mausolea:

90 1088 191 1137 Litora
201 1087 361 1151 Pompeium
374 1083 484 1145 feriunt,
496 1090 662 1151 truncusque
673 1084 782 1135 vadosis

89 1157 155 1206 lluc
165 1155 229 1204 illuc
239 1156 359 1203 iactatur
371 1154 456 1219 aquis.
480 1153 592 1204 Adeone
603 1154 719 1204 molesta

91 1227 196 1274 Totum
210 1238 276 1282 cura
287 1222 338 1271 luit
349 1214 446 1273 socero
458 1237 568 1273 seruare
580 1220 716 1272 cadaver?
842 1222 893 1270 100

90 1295 155 1344 Hac
166 1293 290 1341 Fortuna
302 1291 355 1340 fide
367 1292 461 1359 Magni
472 1297 529 1341 tam
543 1306 675 1358 prospera
684 1290 744 1341 fata

90 1360 222 1412 Pertulit:
241 1358 293 1409 hae
302 1359 377 1409 illum
389 1375 494 1411 summo
507 1361 540 1410 de
552 1361 667 1411 eulmine
679 1376 768 1411 rerum

89 1432 184 1483 Morte
197 1431 274 1495 petit,
286 1428 431 1496 cladesque
445 1445 539 1480 omnes
549 1433 642 1498 exegit
651 1432 678 1480 in
690 1445 744 1480 uno

91 1500 182 1551 Saeva
192 1500 244 1560 dle,
257 1499 353 1566 quibus
361 1500 493 1550 immunes
503 1505 547 1550 tot
557 1501 697 1567 praestitit
708 1514 807 1550 annos:

91 1570 293 1635 Pompeiusque
304 1568 364 1631 fuit,
376 1571 420 1636 qui
432 1585 578 1636 numquam
588 1572 675 1620 nrixta
685 1569 790 1620 videret
841 1567 893 1618 105

92 1637 182 1689 Laeta
192 1640 285 1688 malis:
304 1636 369 1688 felix
381 1639 453 1689 nullo
465 1640 592 1690 turbante
604 1641 725 1701 deorum,

91 1710 129 1758 Et
140 1709 212 1758 nullo
226 1714 356 1774 parcente
368 1711 458 1759 mIser.
479 1707 568 1759 Semel
578 1711 685 1776 impulit
696 1710 772 1759 illum

91 1778 186 1829 Dilata
197 1779 321 1828 Fortuna
332 1793 422 1826 manu.
441 1778 570 1828 Pulsatur
582 1780 680 1847 arenis,

92 1848 221 1912 Carpitur
231 1849 258 1896 in
271 1847 399 1912 seopulis,
410 1844 508 1896 hausto
520 1863 569 1912 per
580 1844 694 1897 vulnera
704 1846 798 1907 lluctu,

92 1916 255 1967 Ludibrium
266 1916 369 1982 pelagi:
389 1916 515 1981 nullaque
526 1922 653 1966 nranente
663 1916 760 1982 ligura,
843 1915 894 1964 110

94 1987 154 2036 Una
165 1991 232 2035 nota
243 1990 284 2034 est
294 1985 342 2034 Ma
381 1998 396 2034 o
410 1985 508 2050 capitIs
519 1986 626 2035 iactura
635 1984 743 2035 revulsi.

146 2053 341 2104 AntetamenP
363 2055 434 2103 arias
442 2056 531 2103 vletor
542 2069 621 2121 quam
628 2060 836 2119 tangatarenas‚

93 2125 226 2189 Pompeio
239 2124 338 2189 raptim
350 2122 481 2172 tumulum
493 2123 617 2172 Fortuna
627 2124 742 2188 pararit,

93 2192 136 2244 Ne
147 2196 239 2243 iaceat
250 2193 333 2252 nullo,
344 2191 388 2249 rel
398 2207 432 2241 ne
443 2190 556 2241 meliore
567 2189 722 2256 sepulchro.

95 2264 117 2312 E
129 2263 243 2312 latebris
255 2262 369 2328 pavidus
381 2261 502 2311 decurrit
512 2261 546 2311 ad
558 2275 678 2328 aequora
689 2260 800 2311 Cordus.
843 2260 895 2308 715

96 2333 234 2392 Quaestor
247 2331 280 2381 ab
288 2331 374 2380 ldalio
387 2332 538 2395 Cinyraeae
549 2331 629 2380 litore
637 2331 720 2395 Cypri

95 2399 233 2452 Infaustus
243 2401 336 2468 Magni
349 2399 441 2449 fuerat
452 2414 552 2449 comes.
572 2400 620 2449 llle
631 2413 681 2465 per
690 2398 800 2448 umbras

94 2472 183 2520 Ausus
194 2470 266 2520 ferre
279 2469 402 2537 gradum,
415 2470 516 2518 rictum
528 2469 632 2535 pletate
643 2469 769 2518 tImorem

95 2539 241 2605 Compulit,
252 2545 284 2588 ut
293 2539 388 2588 mediis
400 2539 552 2605 quaesitum
565 2553 664 2602 corpus
675 2537 702 2586 ln
713 2536 791 2586 undis

94 2609 219 2659 Duceret
227 2608 260 2657 ad
267 2613 378 2669 terram,
385 2605 563 2673 traheretque
570 2607 603 2656 ad
610 2606 835 2673 litoraMagnum.
846 2607 898 2654 120

96 2678 181 2727 Lucis
194 2682 301 2728 moesta
312 2692 407 2742 parum
420 2692 469 2743 por
479 2676 577 2727 densas
589 2675 707 2743 Cynthia
717 2676 801 2726 nubes
