1956 3106
80 140 84 149 “
142 131 193 183 238
315 128 353 180 Μ.
388 125 489 178 ΑΝΝ.
524 126 706 180 LUCANI

145 247 223 300 Miles
234 247 306 299 erit?
324 247 385 300 Nox
395 247 459 298 llaec
470 255 584 315 peraget
595 245 688 299 civilia
697 246 775 310 bella,

145 317 318 389 inferiaeque
329 317 404 369 dabit
411 316 527 384 populis,
539 324 565 366 et
575 314 666 367 ntitlet
676 317 835 377 adumbrat,

150 387 228 450 Quod
239 388 349 439 deletur
360 387 447 437 adduc
457 387 565 447 arando,
577 395 664 450 caput.
689 385 731 437 lte
737 387 851 457 feroces

152 455 276 507 Caesarie
287 456 315 507 ia
326 455 465 524 iugulum.-
480 464 603 522 praestet
616 455 712 524 Lagea
722 454 848 509 laventur

88 526 140 576 395
154 525 213 575 Hoc
224 527 293 594 regi,
306 524 430 577 Romana
441 524 499 575 siti.
533 523 574 575 Tu
582 539 667 589 parce
677 525 795 576 morari:

151 594 265 646 Plenum
279 596 372 661 epulis,
384 594 571 658 irradidumque
582 610 664 654 mero,
677 591 825 659 Venerique
835 609 896 659 pa-.

622 671 715 713 ratum

152 732 288 783 Iuoeuiee:
307 734 391 782 aude:
412 732 504 798 superi
515 740 558 782 tot
569 741 631 783 rota
647 729 781 783 Catonum

152 799 351 867 Brutorumque
362 801 413 851 tili
424 801 549 852 tribuent.
578 800 640 851 Non
651 802 741 867 segreie
753 797 874 850 Achillas

152 869 282 921 Suadenti
293 885 389 935 parere
401 870 486 920 nefas.
506 870 587 920 Haud
599 870 673 920 clara
683 868 832 931 movendis,

90 939 142 986 400
153 940 189 989 Ut
199 954 267 999 nius,
280 941 357 1006 signa
368 940 443 990 dedit
453 941 563 1002 castris,
574 955 624 989 nec
635 938 755 1004 prodidit
766 952 843 987 arnra

152 1008 236 1057 Ullius
247 1009 374 1075 clangore
384 1010 480 1059 tubae:
499 1015 602 1060 temere
614 1008 705 1059 omnia
714 1007 791 1057 saevi

153 1078 336 1127 Instrumenta
346 1080 418 1144 rapit
428 1079 499 1128 belli.
518 1078 586 1127 Pars
596 1078 715 1126 maxima
725 1075 825 1127 turbae

153 1146 242 1196 Plebis
254 1153 314 1197 erat
324 1148 434 1197 Latiae:
453 1147 500 1197 sed
513 1152 590 1197 tanta
601 1145 699 1196 obliuio
710 1151 817 1195 mentes

154 1216 245 1280 Cepit,
257 1217 284 1264 in
296 1224 422 1266 externus
435 1221 564 1281 corrupto
576 1215 661 1266 milite
671 1229 771 1276 mores,

91 1282 143 1331 405
155 1285 191 1334 Ut
202 1284 270 1334 duce
281 1286 329 1334 sub
342 1285 452 1346 famulo,
462 1287 589 1352 iussuque
602 1284 724 1334 satellitis
735 1284 816 1344 irent,

155 1353 229 1413 Quos
240 1360 300 1404 erat
310 1355 448 1421 indignum
461 1353 560 1404 Phario
572 1368 669 1418 parere
679 1358 808 1418 tyranno.

153 1422 233 1472 Nulla
244 1423 311 1473 fides
323 1425 463 1489 pietasque
474 1423 552 1484 uiris,
564 1424 609 1489 qui
621 1426 713 1472 castra
723 1428 889 1487 sequuntur3

154 1492 324 1558 Venalesque
336 1508 439 1552 manus,
450 1492 496 1541 ubi
506 1491 557 1553 fas,
567 1490 613 1540 ubi
624 1491 748 1545 maxima
754 1504 871 1550 merces,

152 1560 221 1610 Aere
232 1567 337 1609 merent
347 1575 445 1626 parv03
463 1560 636 1627 iugulumque
646 1561 674 1609 in
688 1560 813 1610 Caesaris
823 1559 866 1607 ire

91 1629 143 1678 410
155 1627 215 1678 Non
228 1628 277 1678 sibi
289 1629 362 1678 dant.
392 1629 446 1678 Pro
458 1627 512 1679 ias!
524 1628 569 1678 ubi
582 1644 636 1679 non
647 1628 735 1679 civilia
745 1626 819 1677 bella

152 1698 257 1747 Invenit
269 1698 373 1762 imperii
385 1697 470 1747 fatum
482 1697 635 1748 miserabile
646 1695 749 1748 nostrii

154 1765 312 1817 Thessaliae
324 1767 458 1816 subducta
468 1768 542 1817 acies
551 1769 578 1817 in
587 1767 667 1817 litore
679 1765 733 1816 Nili

153 1839 231 1887 ,llere
243 1835 308 1886 furit
320 1837 416 1902 patrio.
446 1836 517 1898 Quid
528 1843 556 1887 te
567 1836 640 1902 plus,
652 1836 762 1902 Magne,
774 1839 892 1899 recepto

154 1909 224 1957 Ausa
237 1906 309 1956 iuret
321 1907 415 1973 Lagea
426 1905 538 1957 domus?
556 1906 613 1956 Dat
622 1905 727 1955 scilicet
739 1904 826 1954 omnis

93 1976 144 2024 415
157 1977 286 2036 llextera,
299 1976 369 2041 quud
381 1976 463 2026 debet
472 1977 589 2042 superis:
609 1974 727 2040 nullique
738 1986 838 2021 vacare

154 2046 207 2094 Fas
219 2052 261 2094 est
272 2045 401 2094 llumano.
431 2046 541 2094 loatium
554 2047 593 2094 sie
604 2043 727 2095 scindere
739 2056 839 2106 corpus

155 2114 202 2175 llis
216 2114 356 2179 placitum:
373 2129 425 2163 non
437 2116 463 2163 in
476 2115 564 2164 soceri
574 2114 720 2180 generique
730 2110 856 2160 furorem

154 2183 303 2232 Discedunt
314 2183 414 2247 populi.
444 2183 538 2234 Civilia
548 2183 620 2233 bella
631 2180 740 2232 satelles

153 2253 248 2311 licvit,
261 2254 324 2300 etin
336 2258 440 2317 partem
453 2253 567 2303 Romani
578 2253 653 2302 venit
662 2247 787 2300 Achillae.

92 2322 144 2370 420
156 2322 191 2370 Et
201 2322 250 2370 nisi
262 2320 320 2370 lata
329 2337 424 2371 uranus
436 2337 452 2370 a
462 2323 592 2388 sanguine
604 2320 727 2372 Caesaris
739 2322 846 2378 arcent,

154 2390 216 2441 Hae
226 2391 337 2453 vincent
345 2396 445 2456 partes.
473 2390 575 2441 Aderat
585 2396 707 2440 maturus
718 2393 849 2453 uterque=

155 2460 193 2510 Et
203 2459 336 2509 destricta
348 2460 433 2525 epulis
446 2460 480 2509 ad
492 2466 603 2510 cunctas
615 2459 677 2509 aula
687 2456 802 2524 patebat

155 2528 281 2578 lnsidias:
302 2535 463 2595 poteratque
475 2544 555 2579 cruor
567 2544 615 2595 per
625 2528 701 2594 regia
711 2524 788 2575 fundi

155 2596 258 2647 Pocula
269 2599 428 2659 Caesareus,
441 2613 604 2665 mensaeque
615 2594 772 2647 incumbere
788 2593 895 2644 cervix.

91 2663 146 2715 425
158 2663 210 2717 Sed
224 2672 348 2717 metuunt
357 2666 420 2718 belli
431 2668 554 2734 trepidos
564 2668 590 2716 in
602 2671 683 2716 nocte
696 2661 836 2724 tumultus,
