1956 3106
198 160 250 210 214
371 157 409 207 Μ.
444 152 545 205 ANN.
583 151 768 203 LUCANI

197 276 298 343 Aspida
309 275 483 326 somniferam
495 271 601 323 tumida
612 271 718 323 cervice
727 270 837 323 levarit.
855 292 858 297 ·

198 347 308 398 Plenior
319 342 382 394 huic
394 343 513 410 sanguis,
525 349 554 392 et
565 342 651 392 crassi
661 345 742 409 gutta
751 342 851 392 veneni

198 414 321 466 Decidit:
338 414 367 464 in
378 412 451 463 nulla
461 411 521 478 plus
533 416 575 461 est
585 415 713 477 serpente
724 416 862 461 coactum.

197 486 261 551 Ipsa
272 483 371 535 caloris
383 496 465 550 egens
476 480 595 548 gelidum
604 494 659 530 non
669 480 768 530 transit
778 480 806 529 in
818 479 916 533 orbem

138 555 188 604 m5
200 552 304 619 Sponte
316 568 374 613 sua,
386 551 502 617 Niloque
513 556 593 600 tenus
605 549 718 599 metitur
729 564 835 601 arenas.

197 621 252 674 Sed
263 623 322 689 quis
333 622 386 671 erit
395 619 474 669 nobis
483 619 552 669 lucri
563 616 669 686 pudori
690 617 753 669 inde
765 624 897 686 petuntur

197 694 260 742 Huc
272 691 396 755 Libycae
409 695 521 751 mortes,
533 694 562 739 et
572 687 687 739 fecimus
698 688 801 754 Aspida
809 704 940 741 mercem.

196 764 230 811 At
241 775 294 809 non
306 766 380 809 stare
390 775 468 809 suum
480 759 586 808 miseris
598 772 714 823 passure
724 772 861 821 cruorem,

197 828 382 896 Squamiferos
393 829 489 896 ingens
500 824 700 878 Haemorrhois
712 827 833 893 explicat
843 826 940 879 urbest

136 902 186 949 illl
198 897 286 948 Natus
298 902 326 948 et
336 898 481 964 ambiguae
493 896 598 948 coleret
608 897 654 964 qui
665 894 794 962 Syrtidos
806 912 873 948 arva

197 966 377 1034 chersydros,
389 969 524 1034 tractique
536 968 581 1015 m'a
590 964 713 1016 fumante
724 964 869 1033 chelydri:

196 1039 234 1088 Et
244 1050 352 1106 semper
362 1042 439 1087 recto
449 1036 574 1102 lapsurus
585 1035 670 1086 limite
683 1033 828 1088 f'renchris:

197 1107 322 1158 Pluribus
333 1106 378 1157 ille
391 1107 463 1156 notis
474 1107 608 1156 variatam
618 1105 739 1171 pingitur
750 1104 850 1169 alvum,

199 1178 286 1238 Quam
297 1178 388 1243 parvis
398 1177 500 1226 tinctus
511 1175 624 1224 maculis
636 1172 785 1226 Thebanus
797 1174 930 1243 Ophites:

136 1247 187 1295 715
200 1247 336 1296 Concolor
348 1246 460 1307 exustis,
472 1249 554 1312 atque
566 1244 730 1295 indiscretus
742 1246 833 1296 arenis

195 1316 388 1382 Ammodytes:
407 1316 539 1381 spinaque
550 1315 611 1381 vagi
624 1318 770 1380 torquente
781 1314 928 1369 Cerastae:

195 1385 233 1435 Et
243 1383 355 1450 Scytala
367 1386 469 1450 sparsis
480 1385 563 1434 etiam
574 1398 645 1433 nunc
656 1383 716 1433 sola
727 1385 830 1449 pruinis

195 1455 316 1504 Exuvias
327 1454 452 1520 positura
462 1469 538 1504 suas:
559 1459 587 1502 et
595 1452 702 1502 torrida
711 1452 826 1520 Dipsas:

194 1523 772 1590 Etgrarisingeminumvorgenscaputllm
794 1521 937 1576 hisbaena:

135 1593 185 1641 720
197 1593 233 1641 Et
244 1591 342 1640 Natrix
351 1591 469 1640 violator
480 1607 577 1657 aquae,
589 1591 727 1658 Iaculique
738 1538 876 1655 veheres,

195 1661 232 1711 Et
242 1666 386 1710 contentus
397 1661 451 1710 iter
463 1659 551 1710 cauda
561 1661 668 1712 sulcare
677 1661 787 1712 Parias:

196 1730 306 1797 Oraque
318 1729 475 1780 distendens
487 1730 581 1781 avidus
591 1732 747 1796 spumantia
758 1731 887 1783 Praeter:

194 1800 318 1867 Ossaque
329 1799 480 1850 dissolvens
493 1816 554 1849 cum
566 1814 683 1866 corpore
695 1800 823 1852 tabificus
835 1798 920 1871 Seps:

195 1868 333 1938 Sibilaque
347 1868 488 1920 effundens
501 1875 614 1920 cunctas
624 1871 758 1921 terrentia
768 1877 872 1936 pestes,

134 1940 185 1990 725
197 1942 265 1990 Ante
277 1955 382 1990 venena
394 1955 504 2000 nocens,
517 1939 573 1989 late
584 1940 635 1990 sibi
647 1939 793 1991 submovet
803 1955 885 1993 omne

193 2009 307 2076 Vulgus,
319 2010 381 2059 etin
393 2025 481 2060 vacua
491 2013 588 2077 regnat
598 2009 746 2060 Basiliscus
757 2024 850 2061 arena.

193 2079 252 2130 Vos
262 2093 379 2145 quoque,
392 2079 437 2145 qui
448 2080 554 2129 cunetis
564 2080 677 2130 innoxia
687 2080 798 2130 numina
808 2084 891 2133 terris

194 2146 318 2214 Serpitis,
332 2154 429 2198 aurato
440 2148 519 2198 nitidi
529 2147 645 2216 fulgore,
659 2149 812 2212 Dracones,

193 2216 345 2268 Pestiferos
357 2218 455 2269 ardens
467 2217 535 2268 facit
546 2217 647 2280 Africa,
660 2219 760 2270 dueitis
773 2219 861 2271 altum

134 2287 184 2336 730
195 2288 266 2337 Aera
277 2303 337 2336 cum
350 2289 453 2352 pennis,
466 2294 644 2355 armentaque
655 2294 717 2339 tota
728 2292 818 2341 secuti

194 2357 328 2422 Rumpitis
338 2357 463 2424 ingentes
475 2357 595 2423 amplexi
605 2358 719 2410 verbere
732 2365 839 2412 tauros.

194 2424 253 2475 Nec
263 2430 338 2476 tutus
350 2428 438 2492 spatio
451 2434 493 2478 est
503 2425 627 2494 elephas:
647 2427 719 2479 datis
733 2431 826 2481 omnia
835 2430 908 2483 letor

192 2494 251 2545 Nec
262 2495 340 2546 vobis
353 2511 421 2563 opus
433 2502 475 2548 est
486 2497 520 2547 ad
531 2498 614 2548 noxia
625 2496 684 2548 fata
694 2513 810 2552 veneno.

192 2565 252 2614 llas
262 2566 334 2615 inter
344 2573 436 2632 pestes
447 2567 515 2617 duro
530 2567 598 2618 Cato
609 2568 695 2620 milite
708 2570 811 2620 siccum

132 2633 182 2683 735
193 2634 330 2683 Emetitur
339 2637 401 2698 iter,
414 2642 456 2686 tot
467 2638 556 2687 tristia
566 2635 624 2687 fata
634 2654 755 2700 suorum,

192 2704 372 2771 Insolitasque
382 2706 475 2755 ridens
488 2721 572 2771 parvo
585 2722 646 2756 curn
659 2709 768 2760 vulnere
779 2720 895 2762 nrrntes.
