1956 3106
193 209 482 274 reinserta.
519 211 607 262 ars.
635 212 657 261 t.
762 214 795 263 rt

62 331 260 394 Succensusque
271 329 326 380 tuis
330 328 484 397 flagrasset
495 329 619 380 curribus
629 330 730 383 aether.

59 399 101 452 Hi
111 408 215 450 cessant
224 397 313 466 ignes:
326 407 365 462 tu,
377 395 571 464 qaistagrante
581 398 708 450 minacem
783 414 785 418 “

63 468 193 535 Scorpion
202 467 324 518 incendis
334 467 429 528 cauda,
442 466 580 533 chelasque
588 468 705 533 peruris,

63 537 137 603 Quid
147 545 261 598 tantum,
276 535 404 595 Gradive,
413 534 517 602 paras?
535 535 605 586 Nam
616 536 689 586 mitis
700 536 729 589 in
739 540 794 588 aito
806 537 855 587 660

59 607 186 674 Iuppiter
199 621 294 656 occasu
302 603 447 671 premitur,
465 603 625 672 Venerisque
635 605 740 656 salubre

17 716 31 722 -
61 675 141 728 Sidus
152 674 238 734 hebet,
250 684 375 740 motuque
384 677 453 724 ceter
468 672 602 742 Cyllenius
612 673 722 736 haeret·
832 728 838 738 ,

59 745 209 798 Eteoelum
220 739 296 793 Mars
309 744 379 793 solus
390 741 478 794 habet.
499 741 555 793 Cur
565 743 645 812 signa
657 753 760 796 meatus

58 813 212 866 Deseruere
222 828 290 874 suos,
301 813 448 879 mundoque
459 811 725 884 obscuroferuntur:

58 881 188 953 Ensiferi
197 881 307 933 nimium
313 882 410 950 fulget
420 884 493 933 latas
505 879 633 934 Orionis?
807 881 857 933 665

58 952 187 1005 Imminet
198 967 333 1002 armorum
344 950 447 1002 rabies:
453 952 582 1023 ferrique
589 960 713 1019 potestas

60 1019 216 1092 Confundet
226 1021 269 1072 ius
280 1037 355 1073 anone
366 1037 462 1071 manu:
473 1021 616 1085 sceierique
627 1023 747 1093 nefanda

59 1090 161 1145 Nomen
172 1090 226 1141 erit
234 1091 337 1142 virtus:
352 1092 500 1154 sanitasque
512 1090 596 1141 exibit
606 1090 635 1141 in
646 1108 728 1142 annos
811 1110 813 1115 ·

58 1159 216 1231 Hicfuror.
251 1159 294 1210 Et
304 1174 412 1223 superos
422 1158 489 1225 qaid
496 1160 603 1223 prodest
611 1158 826 1224 poscereflnem?

59 1227 129 1280 Cum
141 1228 243 1279 domino
252 1244 312 1294 pan
322 1228 376 1277 ista
388 1226 468 1278 venit.
479 1224 551 1287 Duc,
563 1227 658 1288 Rasna,
670 1229 800 1278 noeriorum
811 1227 861 1279 tto

63 1295 229 1350 Continuam
240 1297 335 1346 seriem
342 1311 352 1353 ;
363 1297 516 1361 eluderetque
527 1296 556 1347 in
567 1305 686 1362 ternpore
699 1298 783 1346 inuita

58 1365 201 1426 Extende,
218 1364 292 1415 civili
303 1372 407 1415 tanturn
418 1363 473 1414 iam
484 1363 568 1415 libera
580 1364 654 1416 bello.

60 1437 232 1486 Terruerant
242 1434 308 1483 satis
320 1431 388 1484 haec
401 1433 799 1502 pavidampraesagiaplebem:

61 1502 118 1555 Sed
129 1504 235 1554 maiora
245 1507 379 1571 premunt.
416 1501 485 1553 Nam
498 1503 583 1570 qualis
595 1504 697 1554 vertice
708 1503 785 1553 Pindi

61 1573 166 1625 Edonis
179 1573 287 1642 Ogygio
300 1573 420 1624 decurrit
431 1573 512 1639 plena
522 1572 633 1639 Lyaeo:
809 1571 859 1621 tto

61 1643 138 1694 Talis
149 1649 177 1693 et
187 1643 330 1693 attonitam
341 1644 445 1708 rapitur
456 1647 582 1693 matrona
592 1657 642 1709 per
651 1643 755 1703 urbem,

59 1711 183 1763 Vocibus
193 1709 235 1762 his
243 1713 361 1778 prodens
371 1718 513 1779 urgentem
524 1710 799 1778 pectoraPhoebum:

65 1778 219 1851 Quoferor,
230 1798 245 1832 o
255 1779 367 1831 Paean?
379 1797 432 1848 qua
444 1796 483 1831 orte
494 1797 574 1847 super
586 1780 696 1831 aethera
707 1790 816 1844 raptam

66 1848 215 1902 Constituis
226 1850 319 1900 terra?
335 1847 415 1900 Video
427 1850 561 1917 Pangaea
572 1849 669 1901 niuosis

63 1917 139 1971 Cana
151 1919 233 1986 iugis,
244 1921 365 1983 latosque
376 1919 452 1969 Aemi
461 1918 508 1968 sud
519 1935 586 1985 rape
596 1918 747 1985 Philippos.
811 1917 860 1968 680

63 1986 130 2051 Quis
136 1988 222 2057 ferror
232 1985 284 2046 tte,
296 2003 310 2035 o
323 1987 437 2047 Phoebe,
449 1989 528 2038 doce.-
539 2004 589 2053 qao
601 1990 654 2038 teta
665 2004 808 2053 insanusque

29 2068 33 2073 ’
63 2057 202 2109 Romanae
215 2054 327 2105 miscent
337 2055 417 2115 acies,
428 2054 572 2122 heliamque
584 2057 639 2107 sine
651 2055 725 2107 hoste
737 2058 791 2107 est?

64 2126 123 2191 Quo
135 2125 242 2177 diuersa
249 2123 349 2194 seror?
363 2121 472 2173 Primos
483 2141 522 2174 sne
535 2125 608 2175 drocis
618 2126 647 2176 in
657 2135 740 2183 ortas,

64 2195 124 2260 Qua
136 2210 210 2246 mare
220 2191 310 2262 Lagei
321 2201 444 2243 mutatur
451 2192 564 2260 gurgite
578 2193 641 2243 Nili.

63 2265 144 2317 Hunc
154 2261 348 2333 egafluminea
361 2260 491 2331 deformis
501 2270 612 2312 truncus
623 2277 706 2312 arena
812 2259 860 2309 685

65 2333 120 2398 Qui
128 2334 208 2394 iacet,
219 2348 349 2403 agnosco:
360 2329 468 2380 dubiam
479 2345 558 2396 super
570 2345 686 2394 aequora
699 2329 793 2397 Syrtin

62 2403 240 2470 Arentemque
268 2417 328 2453 erar
340 2399 451 2468 Libyen,
462 2415 513 2466 quo
525 2398 614 2449 tristis
625 2396 747 2467 Erinnys

65 2472 222 2525 Transtulit
258 2469 375 2522 martias
387 2469 466 2521 acies.
504 2467 584 2520 Nunc
600 2469 710 2535 desuper
722 2466 799 2534 Alpis

63 2541 214 2622 Nubiferae
222 2544 309 2602 codes,
321 2549 401 2607 atque
413 2537 517 2590 aeriam
528 2538 654 2607 Pyrenen

63 2609 231 2676 diripimur.
258 2608 374 2661 Patriae
385 2609 456 2659 sedes
466 2623 613 2659 remeamus
625 2608 652 2659 in
663 2606 745 2667 urbis,
807 2605 857 2655 600

64 2677 202 2745 Impiaque
211 2677 239 2728 in
250 2679 336 2731 media
346 2686 520 2744 peraguntur
531 2677 599 2727 bella
609 2687 711 2729 senatu.

64 2746 239 2816 Consurgunt
246 2758 343 2814 partes
354 2747 462 2809 iterum,
475 2755 610 2813 totumque
618 2763 666 2813 per
678 2745 765 2797 erdem
