<?xml version="1.0" encoding="UTF-8"?>
<!DOCTYPE html PUBLIC "-//W3C//DTD XHTML 1.0 Transitional//EN"
    "http://www.w3.org/TR/xhtml1/DTD/xhtml1-transitional.dtd">
<html xmlns="http://www.w3.org/1999/xhtml" xml:lang="en" lang="en">
 <head>
  <title>
</title>
<meta http-equiv="Content-Type" content="text/html;charset=utf-8" />
  <meta name='ocr-system' content='tesseract 3.04.00' />
  <meta name='ocr-capabilities' content='ocr_page ocr_carea ocr_par ocr_line ocrx_word'/>
</head>
<body>
  <div class='ocr_page' id='page_1' title='image "./mannaeilucaniph01lucagoog_0103.png"; bbox 0 0 1956 3106; ppageno 0'>
   <div class='ocr_carea' id='block_1_1' title="bbox 66 110 716 195">
    <p class='ocr_par' dir='ltr' id='par_1_1' title="bbox 66 110 716 195">
     <span class='ocr_line' id='line_1_1' title="bbox 66 110 716 195; baseline -0.008 0"><span class='ocrx_word' id='word_1_1' title='bbox 66 110 69 119; x_wconf 71' lang='grc'><strong>’</strong></span> <span class='ocrx_word' id='word_1_2' title='bbox 152 143 187 195; x_wconf 65' lang='lat' dir='ltr'><strong>n</strong></span> <span class='ocrx_word' id='word_1_3' title='bbox 326 138 491 189; x_wconf 79' lang='lat' dir='ltr'><strong>m.suu</strong></span> <span class='ocrx_word' id='word_1_4' title='bbox 536 139 716 190; x_wconf 73' lang='lat' dir='ltr'><strong>Lucani</strong></span> 
     </span>
    </p>
   </div>
   <div class='ocr_carea' id='block_1_2' title="bbox 35 258 891 2750">
    <p class='ocr_par' dir='ltr' id='par_1_2' title="bbox 155 258 836 325">
     <span class='ocr_line' id='line_1_2' title="bbox 155 258 836 325; baseline 0 -13"><span class='ocrx_word' id='word_1_5' title='bbox 155 263 221 324; x_wconf 77' lang='lat' dir='ltr'><strong>Quis</strong></span> <span class='ocrx_word' id='word_1_6' title='bbox 232 266 334 310; x_wconf 88' lang='lat' dir='ltr'><strong>terram</strong></span> <span class='ocrx_word' id='word_1_7' title='bbox 347 259 416 310; x_wconf 86' lang='lat' dir='ltr'><strong>coeli</strong></span> <span class='ocrx_word' id='word_1_8' title='bbox 428 260 531 325; x_wconf 89' lang='lat' dir='ltr'><strong>patitur</strong></span> <span class='ocrx_word' id='word_1_9' title='bbox 542 258 622 319; x_wconf 88' lang='lat' dir='ltr'><strong>deus,</strong></span> <span class='ocrx_word' id='word_1_10' title='bbox 635 261 726 309; x_wconf 92' lang='lat' dir='ltr'><strong>omnia</strong></span> <span class='ocrx_word' id='word_1_11' title='bbox 736 275 836 316; x_wconf 70' lang='lat' dir='ltr'><strong>cursus</strong></span> 
     </span>
    </p>

    <p class='ocr_par' dir='ltr' id='par_1_3' title="bbox 153 328 740 394">
     <span class='ocr_line' id='line_1_3' title="bbox 153 328 740 394; baseline -0.003 -13"><span class='ocrx_word' id='word_1_12' title='bbox 153 331 263 381; x_wconf 80' lang='lat' dir='ltr'><strong>Aeterni</strong></span> <span class='ocrx_word' id='word_1_13' title='bbox 274 337 382 380; x_wconf 88' lang='lat' dir='ltr'><strong>secreta</strong></span> <span class='ocrx_word' id='word_1_14' title='bbox 393 328 644 394; x_wconf 86' lang='lat' dir='ltr'><strong>tenens‚mundique</strong></span> <span class='ocrx_word' id='word_1_15' title='bbox 655 328 740 379; x_wconf 84' lang='lat' dir='ltr'><strong>futuri</strong></span> 
     </span>
    </p>

    <p class='ocr_par' dir='ltr' id='par_1_4' title="bbox 35 396 827 535">
     <span class='ocr_line' id='line_1_4' title="bbox 35 396 800 464; baseline -0.001 -14"><span class='ocrx_word' id='word_1_16' title='bbox 35 419 39 450; x_wconf 68' lang='lat' dir='ltr'><strong>i</strong></span> <span class='ocrx_word' id='word_1_17' title='bbox 110 401 144 452; x_wconf 82' lang='grc'><strong>00</strong></span> <span class='ocrx_word' id='word_1_18' title='bbox 156 400 301 461; x_wconf 84' lang='lat' dir='ltr'><strong>Conscius,</strong></span> <span class='ocrx_word' id='word_1_19' title='bbox 314 413 347 448; x_wconf 90' lang='lat' dir='ltr'><strong>ac</strong></span> <span class='ocrx_word' id='word_1_20' title='bbox 359 398 464 464; x_wconf 85' lang='lat' dir='ltr'><strong>populis</strong></span> <span class='ocrx_word' id='word_1_21' title='bbox 475 412 534 447; x_wconf 88' lang='lat' dir='ltr'><strong>sese</strong></span> <span class='ocrx_word' id='word_1_22' title='bbox 546 396 669 462; x_wconf 85' lang='lat' dir='ltr'><strong>proferre</strong></span> <span class='ocrx_word' id='word_1_23' title='bbox 680 403 800 463; x_wconf 88' lang='lat' dir='ltr'><strong>paratus,</strong></span> 
     </span>
     <span class='ocr_line' id='line_1_5' title="bbox 155 464 827 535; baseline 0 -15"><span class='ocrx_word' id='word_1_24' title='bbox 155 472 356 535; x_wconf 83' lang='lat' dir='ltr'><strong>Contactusque</strong></span> <span class='ocrx_word' id='word_1_25' title='bbox 371 466 462 517; x_wconf 86' lang='lat' dir='ltr'><strong>ferens</strong></span> <span class='ocrx_word' id='word_1_26' title='bbox 473 464 627 527; x_wconf 89' lang='lat' dir='ltr'><strong>hominum,</strong></span> <span class='ocrx_word' id='word_1_27' title='bbox 645 482 827 535; x_wconf 77' lang='lat' dir='ltr'><strong>magnusque,</strong></span> 
     </span>
    </p>

    <p class='ocr_par' dir='ltr' id='par_1_5' title="bbox 153 543 857 810">
     <span class='ocr_line' id='line_1_6' title="bbox 628 543 789 603; baseline 0.012 -17"><span class='ocrx_word' id='word_1_28' title='bbox 628 543 789 603; x_wconf 85' lang='lat' dir='ltr'><strong>potensque,</strong></span> 
     </span>
     <span class='ocr_line' id='line_1_7' title="bbox 155 604 857 671; baseline 0.003 -15"><span class='ocrx_word' id='word_1_29' title='bbox 155 605 216 657; x_wconf 88' lang='lat' dir='ltr'><strong>Sive</strong></span> <span class='ocrx_word' id='word_1_30' title='bbox 228 607 301 656; x_wconf 91' lang='lat' dir='ltr'><strong>canit</strong></span> <span class='ocrx_word' id='word_1_31' title='bbox 311 605 411 666; x_wconf 86' lang='lat' dir='ltr'><strong>fatum,</strong></span> <span class='ocrx_word' id='word_1_32' title='bbox 421 621 483 666; x_wconf 86' lang='lat' dir='ltr'><strong>seu,</strong></span> <span class='ocrx_word' id='word_1_33' title='bbox 496 604 567 671; x_wconf 90' lang='lat' dir='ltr'><strong>quod</strong></span> <span class='ocrx_word' id='word_1_34' title='bbox 576 605 652 656; x_wconf 91' lang='lat' dir='ltr'><strong>iubet</strong></span> <span class='ocrx_word' id='word_1_35' title='bbox 664 605 718 667; x_wconf 84' lang='lat' dir='ltr'><strong>ille,</strong></span> <span class='ocrx_word' id='word_1_36' title='bbox 730 607 857 658; x_wconf 84' lang='lat' dir='ltr'><strong>canendo</strong></span> 
     </span>
     <span class='ocr_line' id='line_1_8' title="bbox 153 673 781 741; baseline 0 -16"><span class='ocrx_word' id='word_1_37' title='bbox 153 677 197 725; x_wconf 86' lang='lat' dir='ltr'><strong>Fit</strong></span> <span class='ocrx_word' id='word_1_38' title='bbox 209 673 311 724; x_wconf 74' lang='lat' dir='ltr'><strong>fatuml</strong></span> <span class='ocrx_word' id='word_1_39' title='bbox 328 675 433 724; x_wconf 84' lang='lat' dir='ltr'>Forsan</span> <span class='ocrx_word' id='word_1_40' title='bbox 444 675 524 723; x_wconf 89' lang='lat' dir='ltr'><strong>terris</strong></span> <span class='ocrx_word' id='word_1_41' title='bbox 534 675 637 725; x_wconf 82' lang='lat' dir='ltr'><strong>inserta</strong></span> <span class='ocrx_word' id='word_1_42' title='bbox 647 676 781 741; x_wconf 50' lang='lat' dir='ltr'><strong>regendis</strong></span> 
     </span>
     <span class='ocr_line' id='line_1_9' title="bbox 153 743 778 810; baseline -0.002 -16"><span class='ocrx_word' id='word_1_43' title='bbox 153 747 221 794; x_wconf 76' lang='lat' dir='ltr'><strong>Aere</strong></span> <span class='ocrx_word' id='word_1_44' title='bbox 232 743 360 793; x_wconf 88' lang='lat' dir='ltr'><strong>libratum</strong></span> <span class='ocrx_word' id='word_1_45' title='bbox 370 759 456 794; x_wconf 89' lang='lat' dir='ltr'><strong>vacuo</strong></span> <span class='ocrx_word' id='word_1_46' title='bbox 469 758 537 810; x_wconf 86' lang='lat' dir='ltr'><strong>quae</strong></span> <span class='ocrx_word' id='word_1_47' title='bbox 549 745 665 794; x_wconf 86' lang='lat' dir='ltr'><strong>sustinet</strong></span> <span class='ocrx_word' id='word_1_48' title='bbox 676 745 778 806; x_wconf 87' lang='lat' dir='ltr'><strong>orbem,</strong></span> 
     </span>
    </p>

    <p class='ocr_par' dir='ltr' id='par_1_6' title="bbox 110 810 877 1157">
     <span class='ocr_line' id='line_1_10' title="bbox 110 810 813 879; baseline 0 -15"><span class='ocrx_word' id='word_1_49' title='bbox 110 814 143 864; x_wconf 83' lang='lat'><strong>95</strong></span> <span class='ocrx_word' id='word_1_50' title='bbox 155 814 253 864; x_wconf 86' lang='lat' dir='ltr'><strong>Totius</strong></span> <span class='ocrx_word' id='word_1_51' title='bbox 265 828 328 878; x_wconf 87' lang='lat' dir='ltr'><strong>pars</strong></span> <span class='ocrx_word' id='word_1_52' title='bbox 339 829 438 879; x_wconf 85' lang='lat' dir='ltr'><strong>magna</strong></span> <span class='ocrx_word' id='word_1_53' title='bbox 449 813 520 862; x_wconf 82' lang='lat' dir='ltr'><strong>lovis</strong></span> <span class='ocrx_word' id='word_1_54' title='bbox 532 810 661 862; x_wconf 85' lang='lat' dir='ltr'><strong>Cirrhaea</strong></span> <span class='ocrx_word' id='word_1_55' title='bbox 672 828 721 878; x_wconf 86' lang='lat' dir='ltr'><strong>per</strong></span> <span class='ocrx_word' id='word_1_56' title='bbox 731 820 813 864; x_wconf 89' lang='lat' dir='ltr'><strong>antra</strong></span> 
     </span>
     <span class='ocr_line' id='line_1_11' title="bbox 154 880 808 943; baseline -0.002 -10"><span class='ocrx_word' id='word_1_57' title='bbox 154 884 232 943; x_wconf 84' lang='lat' dir='ltr'><strong>Exit,</strong></span> <span class='ocrx_word' id='word_1_58' title='bbox 243 888 272 932; x_wconf 92' lang='lat' dir='ltr'><strong>et</strong></span> <span class='ocrx_word' id='word_1_59' title='bbox 282 880 405 934; x_wconf 85' lang='lat' dir='ltr'><strong>aetherio</strong></span> <span class='ocrx_word' id='word_1_60' title='bbox 416 881 534 932; x_wconf 81' lang='lat' dir='ltr'>trahitur</span> <span class='ocrx_word' id='word_1_61' title='bbox 545 896 668 932; x_wconf 85' lang='lat' dir='ltr'><strong>connexa</strong></span> <span class='ocrx_word' id='word_1_62' title='bbox 680 883 808 932; x_wconf 84' lang='lat' dir='ltr'><strong>Tonanti.</strong></span> 
     </span>
     <span class='ocr_line' id='line_1_12' title="bbox 152 947 876 1018; baseline 0.006 -17"><span class='ocrx_word' id='word_1_63' title='bbox 152 952 216 1001; x_wconf 90' lang='lat' dir='ltr'><strong>Hoc</strong></span> <span class='ocrx_word' id='word_1_64' title='bbox 227 952 273 1002; x_wconf 90' lang='lat' dir='ltr'><strong>ubi</strong></span> <span class='ocrx_word' id='word_1_65' title='bbox 283 951 403 1018; x_wconf 82' lang='lat' dir='ltr'><strong>virgineo</strong></span> <span class='ocrx_word' id='word_1_66' title='bbox 414 955 577 1016; x_wconf 81' lang='lat' dir='ltr'><strong>conceptum</strong></span> <span class='ocrx_word' id='word_1_67' title='bbox 589 956 631 1001; x_wconf 87' lang='lat' dir='ltr'><strong>cst</strong></span> <span class='ocrx_word' id='word_1_68' title='bbox 641 958 753 1018; x_wconf 86' lang='lat' dir='ltr'><strong>pectore</strong></span> <span class='ocrx_word' id='word_1_69' title='bbox 765 947 876 1016; x_wconf 78' lang='lat' dir='ltr'><strong>nunreu,</strong></span> 
     </span>
     <span class='ocr_line' id='line_1_13' title="bbox 153 1020 841 1087; baseline 0.003 -17"><span class='ocrx_word' id='word_1_70' title='bbox 153 1020 307 1071; x_wconf 82' lang='lat' dir='ltr'><strong>Humanam</strong></span> <span class='ocrx_word' id='word_1_71' title='bbox 316 1020 415 1071; x_wconf 85' lang='lat' dir='ltr'><strong>feriens</strong></span> <span class='ocrx_word' id='word_1_72' title='bbox 427 1023 543 1071; x_wconf 88' lang='lat' dir='ltr'><strong>animam</strong></span> <span class='ocrx_word' id='word_1_73' title='bbox 554 1026 646 1082; x_wconf 85' lang='lat' dir='ltr'><strong>sonat,</strong></span> <span class='ocrx_word' id='word_1_74' title='bbox 659 1034 760 1087; x_wconf 87' lang='lat' dir='ltr'><strong>oraque</strong></span> <span class='ocrx_word' id='word_1_75' title='bbox 768 1023 841 1072; x_wconf 85' lang='lat' dir='ltr'><strong>-vatis</strong></span> 
     </span>
     <span class='ocr_line' id='line_1_14' title="bbox 154 1088 877 1157; baseline -0.001 -16"><span class='ocrx_word' id='word_1_76' title='bbox 154 1088 240 1141; x_wconf 85' lang='lat' dir='ltr'><strong>Solvit</strong></span> <span class='ocrx_word' id='word_1_77' title='bbox 250 1109 257 1154; x_wconf 66' lang='grc' dir='ltr'><strong>ς</strong></span> <span class='ocrx_word' id='word_1_78' title='bbox 270 1107 320 1141; x_wconf 92' lang='lat' dir='ltr'><strong>ceu</strong></span> <span class='ocrx_word' id='word_1_79' title='bbox 332 1089 447 1152; x_wconf 60' lang='lat' dir='ltr'><strong>Siculus</strong></span> <span class='ocrx_word' id='word_1_80' title='bbox 458 1089 573 1140; x_wconf 85' lang='lat' dir='ltr'><strong>flammis</strong></span> <span class='ocrx_word' id='word_1_81' title='bbox 583 1090 741 1157; x_wconf 85' lang='lat' dir='ltr'><strong>urgentibus</strong></span> <span class='ocrx_word' id='word_1_82' title='bbox 753 1093 877 1154; x_wconf 78' lang='lat' dir='ltr'><strong>Aetnam,</strong></span> 
     </span>
    </p>

    <p class='ocr_par' dir='ltr' id='par_1_7' title="bbox 92 1158 888 1294">
     <span class='ocr_line' id='line_1_15' title="bbox 92 1158 888 1226; baseline 0.003 -16"><span class='ocrx_word' id='word_1_83' title='bbox 92 1162 143 1210; x_wconf 93' lang='grc'><strong>100</strong></span> <span class='ocrx_word' id='word_1_84' title='bbox 157 1161 247 1211; x_wconf 83' lang='lat' dir='ltr'><strong>Undat</strong></span> <span class='ocrx_word' id='word_1_85' title='bbox 257 1175 339 1225; x_wconf 82' lang='lat' dir='ltr'>apex:</span> <span class='ocrx_word' id='word_1_86' title='bbox 359 1162 494 1225; x_wconf 87' lang='lat' dir='ltr'><strong>Campana</strong></span> <span class='ocrx_word' id='word_1_87' title='bbox 506 1158 623 1209; x_wconf 85' lang='lat' dir='ltr'><strong>fremens</strong></span> <span class='ocrx_word' id='word_1_88' title='bbox 634 1174 683 1209; x_wconf 90' lang='lat' dir='ltr'><strong>ceu</strong></span> <span class='ocrx_word' id='word_1_89' title='bbox 694 1175 762 1210; x_wconf 84' lang='lat' dir='ltr'><strong>saxa</strong></span> <span class='ocrx_word' id='word_1_90' title='bbox 771 1167 888 1226; x_wconf 77' lang='lat' dir='ltr'><strong>vaporat</strong></span> 
     </span>
     <span class='ocr_line' id='line_1_16' title="bbox 154 1226 798 1294; baseline -0.003 -14"><span class='ocrx_word' id='word_1_91' title='bbox 154 1231 284 1281; x_wconf 84' lang='lat' dir='ltr'><strong>Conditus</strong></span> <span class='ocrx_word' id='word_1_92' title='bbox 295 1231 424 1280; x_wconf 88' lang='lat' dir='ltr'><strong>lnarimcs</strong></span> <span class='ocrx_word' id='word_1_93' title='bbox 436 1234 547 1279; x_wconf 87' lang='lat' dir='ltr'><strong>aeterna</strong></span> <span class='ocrx_word' id='word_1_94' title='bbox 558 1229 628 1279; x_wconf 85' lang='lat' dir='ltr'><strong>mole</strong></span> <span class='ocrx_word' id='word_1_95' title='bbox 640 1226 798 1294; x_wconf 77' lang='lat' dir='ltr'><strong>Typhoeus,</strong></span> 
     </span>
    </p>

    <p class='ocr_par' dir='ltr' id='par_1_8' title="bbox 152 1299 887 1557">
     <span class='ocr_line' id='line_1_17' title="bbox 205 1299 887 1364; baseline 0.003 -15"><span class='ocrx_word' id='word_1_96' title='bbox 205 1300 267 1349; x_wconf 88' lang='lat' dir='ltr'><strong>Hoc</strong></span> <span class='ocrx_word' id='word_1_97' title='bbox 282 1305 374 1349; x_wconf 88' lang='lat' dir='ltr'><strong>tamen</strong></span> <span class='ocrx_word' id='word_1_98' title='bbox 390 1299 543 1363; x_wconf 82' lang='lat' dir='ltr'><strong>expositum</strong></span> <span class='ocrx_word' id='word_1_99' title='bbox 563 1299 681 1359; x_wconf 85' lang='lat' dir='ltr'><strong>cunctis,</strong></span> <span class='ocrx_word' id='word_1_100' title='bbox 702 1299 820 1364; x_wconf 80' lang='lat' dir='ltr'><strong>nullique</strong></span> <span class='ocrx_word' id='word_1_101' title='bbox 840 1315 887 1351; x_wconf 85' lang='lat' dir='ltr'><strong>ne·</strong></span> 
     </span>
     <span class='ocr_line' id='line_1_18' title="bbox 643 1373 717 1416; baseline 0 -1"><span class='ocrx_word' id='word_1_102' title='bbox 643 1373 717 1416; x_wconf 88' lang='lat' dir='ltr'><strong>atum</strong></span> 
     </span>
     <span class='ocr_line' id='line_1_19' title="bbox 152 1382 760 1496; baseline 0 -11"><span class='ocrx_word' id='word_1_103' title='bbox 152 1434 271 1496; x_wconf 88' lang='lat' dir='ltr'><strong>Numen,</strong></span> <span class='ocrx_word' id='word_1_104' title='bbox 283 1437 316 1486; x_wconf 87' lang='lat' dir='ltr'><strong>ab</strong></span> <span class='ocrx_word' id='word_1_105' title='bbox 328 1436 437 1485; x_wconf 87' lang='lat' dir='ltr'><strong>humani</strong></span> <span class='ocrx_word' id='word_1_106' title='bbox 449 1436 535 1486; x_wconf 89' lang='lat' dir='ltr'><strong>solum</strong></span> <span class='ocrx_word' id='word_1_107' title='bbox 546 1451 575 1485; x_wconf 92' lang='lat' dir='ltr'><strong>se</strong></span> <span class='ocrx_word' id='word_1_108' title='bbox 588 1382 648 1485; x_wconf 51' lang='lat' dir='ltr'><strong>lalige</strong></span> <span class='ocrx_word' id='word_1_109' title='bbox 660 1435 760 1486; x_wconf 81' lang='lat' dir='ltr'><strong>furoris</strong></span> 
     </span>
     <span class='ocr_line' id='line_1_20' title="bbox 152 1504 837 1557; baseline 0.004 -3"><span class='ocrx_word' id='word_1_110' title='bbox 152 1504 287 1554; x_wconf 85' lang='lat' dir='ltr'><strong>Vindicat.</strong></span> <span class='ocrx_word' id='word_1_111' title='bbox 317 1505 397 1554; x_wconf 84' lang='lat' dir='ltr'><strong>Haud</strong></span> <span class='ocrx_word' id='word_1_112' title='bbox 408 1506 463 1554; x_wconf 92' lang='lat' dir='ltr'><strong>illic</strong></span> <span class='ocrx_word' id='word_1_113' title='bbox 474 1506 558 1554; x_wconf 88' lang='lat' dir='ltr'><strong>tacito</strong></span> <span class='ocrx_word' id='word_1_114' title='bbox 570 1504 642 1553; x_wconf 89' lang='lat' dir='ltr'><strong>mala</strong></span> <span class='ocrx_word' id='word_1_115' title='bbox 651 1512 716 1555; x_wconf 85' lang='lat' dir='ltr'><strong>vota</strong></span> <span class='ocrx_word' id='word_1_116' title='bbox 726 1521 837 1557; x_wconf 88' lang='lat' dir='ltr'><strong>susurro</strong></span> 
     </span>
    </p>

    <p class='ocr_par' dir='ltr' id='par_1_9' title="bbox 91 1572 888 1775">
     <span class='ocr_line' id='line_1_21' title="bbox 91 1572 888 1642; baseline 0.003 -19"><span class='ocrx_word' id='word_1_117' title='bbox 91 1572 141 1623; x_wconf 82' lang='lat'><strong>105</strong></span> <span class='ocrx_word' id='word_1_118' title='bbox 154 1574 321 1637; x_wconf 86' lang='lat' dir='ltr'><strong>Concipiunt.</strong></span> <span class='ocrx_word' id='word_1_119' title='bbox 342 1573 420 1635; x_wconf 90' lang='lat' dir='ltr'><strong>Nam,</strong></span> <span class='ocrx_word' id='word_1_120' title='bbox 433 1575 602 1633; x_wconf 73' lang='lat' dir='ltr'><strong>draconem,</strong></span> <span class='ocrx_word' id='word_1_121' title='bbox 614 1576 798 1642; x_wconf 79' lang='lat' dir='ltr'><strong>mutandaque</strong></span> <span class='ocrx_word' id='word_1_122' title='bbox 809 1574 888 1637; x_wconf 82' lang='lat' dir='ltr'><strong>nulli,</strong></span> 
     </span>
     <span class='ocr_line' id='line_1_22' title="bbox 152 1641 781 1712; baseline 0.005 -22"><span class='ocrx_word' id='word_1_123' title='bbox 152 1641 283 1691; x_wconf 85' lang='lat' dir='ltr'><strong>Mortales</strong></span> <span class='ocrx_word' id='word_1_124' title='bbox 295 1649 391 1708; x_wconf 90' lang='lat' dir='ltr'><strong>optare</strong></span> <span class='ocrx_word' id='word_1_125' title='bbox 403 1649 490 1693; x_wconf 90' lang='lat' dir='ltr'><strong>vetat:</strong></span> <span class='ocrx_word' id='word_1_126' title='bbox 508 1643 639 1708; x_wconf 81' lang='lat' dir='ltr'><strong>iustisque</strong></span> <span class='ocrx_word' id='word_1_127' title='bbox 649 1643 781 1712; x_wconf 84' lang='lat' dir='ltr'><strong>benignus</strong></span> 
     </span>
     <span class='ocr_line' id='line_1_23' title="bbox 152 1709 792 1775; baseline 0.005 -15"><span class='ocrx_word' id='word_1_128' title='bbox 152 1709 239 1775; x_wconf 87' lang='lat' dir='ltr'><strong>Saepe</strong></span> <span class='ocrx_word' id='word_1_129' title='bbox 250 1711 325 1761; x_wconf 89' lang='lat' dir='ltr'><strong>dedit</strong></span> <span class='ocrx_word' id='word_1_130' title='bbox 335 1713 427 1762; x_wconf 81' lang='lat' dir='ltr'><strong>eedem</strong></span> <span class='ocrx_word' id='word_1_131' title='bbox 439 1718 512 1762; x_wconf 87' lang='lat' dir='ltr'><strong>totas</strong></span> <span class='ocrx_word' id='word_1_132' title='bbox 524 1711 690 1762; x_wconf 91' lang='lat' dir='ltr'><strong>mutantibus</strong></span> <span class='ocrx_word' id='word_1_133' title='bbox 702 1714 792 1775; x_wconf 84' lang='lat' dir='ltr'><strong>urbes,</strong></span> 
     </span>
    </p>

    <p class='ocr_par' dir='ltr' id='par_1_10' title="bbox 151 1781 834 1904">
     <span class='ocr_line' id='line_1_24' title="bbox 152 1781 786 1846; baseline 0.003 -17"><span class='ocrx_word' id='word_1_134' title='bbox 152 1782 186 1830; x_wconf 89' lang='lat' dir='ltr'><strong>Ut</strong></span> <span class='ocrx_word' id='word_1_135' title='bbox 197 1781 303 1845; x_wconf 83' lang='lat' dir='ltr'><strong>Tyriis:</strong></span> <span class='ocrx_word' id='word_1_136' title='bbox 323 1781 397 1832; x_wconf 86' lang='lat' dir='ltr'><strong>dedit</strong></span> <span class='ocrx_word' id='word_1_137' title='bbox 407 1782 452 1831; x_wconf 91' lang='lat' dir='ltr'><strong>ille</strong></span> <span class='ocrx_word' id='word_1_138' title='bbox 464 1782 550 1830; x_wconf 89' lang='lat' dir='ltr'><strong>minas</strong></span> <span class='ocrx_word' id='word_1_139' title='bbox 566 1781 704 1846; x_wconf 80' lang='lat' dir='ltr'><strong>impellere</strong></span> <span class='ocrx_word' id='word_1_140' title='bbox 714 1782 786 1844; x_wconf 89' lang='lat' dir='ltr'><strong>belli,</strong></span> 
     </span>
     <span class='ocr_line' id='line_1_25' title="bbox 151 1847 834 1904; baseline 0.004 -4"><span class='ocrx_word' id='word_1_141' title='bbox 151 1851 187 1900; x_wconf 89' lang='lat' dir='ltr'><strong>Ut</strong></span> <span class='ocrx_word' id='word_1_142' title='bbox 197 1847 406 1900; x_wconf 84' lang='lat' dir='ltr'><strong>Salaminiacum</strong></span> <span class='ocrx_word' id='word_1_143' title='bbox 418 1851 538 1900; x_wconf 91' lang='lat' dir='ltr'><strong>meminit</strong></span> <span class='ocrx_word' id='word_1_144' title='bbox 549 1864 635 1900; x_wconf 88' lang='lat' dir='ltr'><strong>mare:</strong></span> <span class='ocrx_word' id='word_1_145' title='bbox 659 1852 769 1904; x_wconf 83' lang='lat' dir='ltr'><strong>sustulit</strong></span> <span class='ocrx_word' id='word_1_146' title='bbox 779 1853 834 1903; x_wconf 84' lang='lat' dir='ltr'><strong>iras</strong></span> 
     </span>
    </p>

    <p class='ocr_par' dir='ltr' id='par_1_11' title="bbox 92 1919 889 2195">
     <span class='ocr_line' id='line_1_26' title="bbox 92 1919 773 1982; baseline 0.003 -14"><span class='ocrx_word' id='word_1_147' title='bbox 92 1921 142 1970; x_wconf 93' lang='grc'><strong>110</strong></span> <span class='ocrx_word' id='word_1_148' title='bbox 155 1919 272 1969; x_wconf 83' lang='lat' dir='ltr'><strong>Telluris</strong></span> <span class='ocrx_word' id='word_1_149' title='bbox 282 1920 397 1982; x_wconf 85' lang='lat' dir='ltr'><strong>sterilis,</strong></span> <span class='ocrx_word' id='word_1_150' title='bbox 409 1925 561 1970; x_wconf 88' lang='lat' dir='ltr'><strong>monstrato</strong></span> <span class='ocrx_word' id='word_1_151' title='bbox 575 1920 640 1970; x_wconf 87' lang='lat' dir='ltr'><strong>line:</strong></span> <span class='ocrx_word' id='word_1_152' title='bbox 661 1921 773 1971; x_wconf 88' lang='lat' dir='ltr'><strong>resolvit</strong></span> 
     </span>
     <span class='ocr_line' id='line_1_27' title="bbox 151 1987 738 2040; baseline 0.005 -3"><span class='ocrx_word' id='word_1_153' title='bbox 151 1990 221 2038; x_wconf 80' lang='lat' dir='ltr'><strong>Aera</strong></span> <span class='ocrx_word' id='word_1_154' title='bbox 231 1988 378 2039; x_wconf 78' lang='lat' dir='ltr'><strong>tabificum.</strong></span> <span class='ocrx_word' id='word_1_155' title='bbox 408 1987 468 2039; x_wconf 90' lang='lat' dir='ltr'><strong>Non</strong></span> <span class='ocrx_word' id='word_1_156' title='bbox 480 1989 534 2038; x_wconf 94' lang='lat' dir='ltr'><strong>ullo</strong></span> <span class='ocrx_word' id='word_1_157' title='bbox 545 1990 655 2039; x_wconf 87' lang='lat' dir='ltr'><strong>saecula</strong></span> <span class='ocrx_word' id='word_1_158' title='bbox 666 1990 738 2040; x_wconf 84' lang='lat' dir='ltr'><strong>dono</strong></span> 
     </span>
     <span class='ocr_line' id='line_1_28' title="bbox 151 2057 889 2125; baseline 0.011 -18"><span class='ocrx_word' id='word_1_159' title='bbox 151 2057 253 2108; x_wconf 86' lang='lat' dir='ltr'><strong>Nostra</strong></span> <span class='ocrx_word' id='word_1_160' title='bbox 264 2065 358 2109; x_wconf 88' lang='lat' dir='ltr'><strong>carent</strong></span> <span class='ocrx_word' id='word_1_161' title='bbox 364 2060 467 2108; x_wconf 91' lang='lat' dir='ltr'><strong>maiore</strong></span> <span class='ocrx_word' id='word_1_162' title='bbox 475 2058 554 2108; x_wconf 84' lang='lat' dir='ltr'><strong>deum</strong></span> <span class='ocrx_word' id='word_1_163' title='bbox 564 2075 658 2124; x_wconf 90' lang='lat' dir='ltr'><strong>‚quam</strong></span> <span class='ocrx_word' id='word_1_164' title='bbox 665 2057 889 2125; x_wconf 73' lang='lat' dir='ltr'><strong>Delphicasedes</strong></span> 
     </span>
     <span class='ocr_line' id='line_1_29' title="bbox 153 2127 813 2195; baseline 0.005 -18"><span class='ocrx_word' id='word_1_165' title='bbox 153 2127 232 2187; x_wconf 78' lang='lat' dir='ltr'><strong>Quod</strong></span> <span class='ocrx_word' id='word_1_166' title='bbox 242 2127 328 2190; x_wconf 84' lang='lat' dir='ltr'><strong>siluit,</strong></span> <span class='ocrx_word' id='word_1_167' title='bbox 340 2133 484 2194; x_wconf 85' lang='lat' dir='ltr'><strong>postquam</strong></span> <span class='ocrx_word' id='word_1_168' title='bbox 496 2143 575 2195; x_wconf 87' lang='lat' dir='ltr'><strong>reges</strong></span> <span class='ocrx_word' id='word_1_169' title='bbox 586 2129 700 2178; x_wconf 88' lang='lat' dir='ltr'><strong>timuere</strong></span> <span class='ocrx_word' id='word_1_170' title='bbox 712 2127 813 2192; x_wconf 87' lang='lat' dir='ltr'><strong>sutura,</strong></span> 
     </span>
    </p>

    <p class='ocr_par' dir='ltr' id='par_1_12' title="bbox 151 2196 829 2266">
     <span class='ocr_line' id='line_1_30' title="bbox 151 2196 829 2266; baseline 0.004 -18"><span class='ocrx_word' id='word_1_171' title='bbox 151 2198 187 2248; x_wconf 81' lang='lat' dir='ltr'><strong>Et</strong></span> <span class='ocrx_word' id='word_1_172' title='bbox 197 2213 311 2263; x_wconf 83' lang='lat' dir='ltr'><strong>superos</strong></span> <span class='ocrx_word' id='word_1_173' title='bbox 322 2203 434 2249; x_wconf 87' lang='lat' dir='ltr'><strong>vetuere</strong></span> <span class='ocrx_word' id='word_1_174' title='bbox 445 2198 527 2263; x_wconf 89' lang='lat' dir='ltr'><strong>loqui.</strong></span> <span class='ocrx_word' id='word_1_175' title='bbox 559 2196 629 2258; x_wconf 83' lang='lat' dir='ltr'><strong>Nec,</strong></span> <span class='ocrx_word' id='word_1_176' title='bbox 642 2213 709 2247; x_wconf 90' lang='lat' dir='ltr'><strong>voce</strong></span> <span class='ocrx_word' id='word_1_177' title='bbox 720 2208 829 2266; x_wconf 86' lang='lat' dir='ltr'><strong>negata,</strong></span> 
     </span>
    </p>

    <p class='ocr_par' dir='ltr' id='par_1_13' title="bbox 94 2264 891 2610">
     <span class='ocr_line' id='line_1_31' title="bbox 94 2264 850 2333; baseline 0.009 -19"><span class='ocrx_word' id='word_1_178' title='bbox 94 2265 140 2314; x_wconf 83' lang='grc'><strong>115</strong></span> <span class='ocrx_word' id='word_1_179' title='bbox 153 2264 309 2332; x_wconf 85' lang='lat' dir='ltr'><strong>Cyrrhaeae</strong></span> <span class='ocrx_word' id='word_1_180' title='bbox 322 2273 447 2318; x_wconf 86' lang='lat' dir='ltr'><strong>moerent</strong></span> <span class='ocrx_word' id='word_1_181' title='bbox 457 2273 547 2330; x_wconf 84' lang='lat' dir='ltr'><strong>vates3</strong></span> <span class='ocrx_word' id='word_1_182' title='bbox 566 2267 711 2333; x_wconf 85' lang='lat' dir='ltr'><strong>templique</strong></span> <span class='ocrx_word' id='word_1_183' title='bbox 723 2266 850 2321; x_wconf 81' lang='lat' dir='ltr'><strong>fruuntur</strong></span> 
     </span>
     <span class='ocr_line' id='line_1_32' title="bbox 150 2335 816 2403; baseline 0.006 -18"><span class='ocrx_word' id='word_1_184' title='bbox 150 2336 265 2386; x_wconf 85' lang='lat' dir='ltr'><strong>lustitio.</strong></span> <span class='ocrx_word' id='word_1_185' title='bbox 295 2335 363 2387; x_wconf 89' lang='lat' dir='ltr'><strong>Nam</strong></span> <span class='ocrx_word' id='word_1_186' title='bbox 375 2338 398 2387; x_wconf 85' lang='lat' dir='ltr'><strong>si</strong></span> <span class='ocrx_word' id='word_1_187' title='bbox 409 2353 462 2403; x_wconf 88' lang='lat' dir='ltr'><strong>qua</strong></span> <span class='ocrx_word' id='word_1_188' title='bbox 472 2336 537 2386; x_wconf 90' lang='lat' dir='ltr'><strong>deus</strong></span> <span class='ocrx_word' id='word_1_189' title='bbox 548 2335 597 2386; x_wconf 85' lang='lat' dir='ltr'><strong>sub</strong></span> <span class='ocrx_word' id='word_1_190' title='bbox 610 2342 723 2400; x_wconf 81' lang='lat' dir='ltr'><strong>pectora</strong></span> <span class='ocrx_word' id='word_1_191' title='bbox 733 2340 816 2399; x_wconf 87' lang='lat' dir='ltr'><strong>venit,</strong></span> 
     </span>
     <span class='ocr_line' id='line_1_33' title="bbox 150 2403 849 2474; baseline 0.007 -20"><span class='ocrx_word' id='word_1_192' title='bbox 150 2403 272 2456; x_wconf 91' lang='lat' dir='ltr'><strong>Numinis</strong></span> <span class='ocrx_word' id='word_1_193' title='bbox 284 2412 331 2457; x_wconf 90' lang='lat' dir='ltr'><strong>aut</strong></span> <span class='ocrx_word' id='word_1_194' title='bbox 341 2421 431 2472; x_wconf 90' lang='lat' dir='ltr'><strong>poena</strong></span> <span class='ocrx_word' id='word_1_195' title='bbox 442 2411 484 2456; x_wconf 89' lang='lat' dir='ltr'><strong>est</strong></span> <span class='ocrx_word' id='word_1_196' title='bbox 495 2420 568 2454; x_wconf 92' lang='lat' dir='ltr'><strong>mors</strong></span> <span class='ocrx_word' id='word_1_197' title='bbox 579 2406 724 2455; x_wconf 87' lang='lat' dir='ltr'><strong>immatura</strong></span> <span class='ocrx_word' id='word_1_198' title='bbox 734 2410 849 2474; x_wconf 84' lang='lat' dir='ltr'><strong>recepti,</strong></span> 
     </span>
     <span class='ocr_line' id='line_1_34' title="bbox 149 2472 891 2542; baseline 0.012 -21"><span class='ocrx_word' id='word_1_199' title='bbox 149 2475 202 2523; x_wconf 77' lang='lat' dir='ltr'><strong>,lut</strong></span> <span class='ocrx_word' id='word_1_200' title='bbox 213 2477 341 2539; x_wconf 89' lang='lat' dir='ltr'><strong>pretium:</strong></span> <span class='ocrx_word' id='word_1_201' title='bbox 361 2477 460 2542; x_wconf 86' lang='lat' dir='ltr'><strong>quippe</strong></span> <span class='ocrx_word' id='word_1_202' title='bbox 471 2474 579 2524; x_wconf 88' lang='lat' dir='ltr'><strong>stimulo</strong></span> <span class='ocrx_word' id='word_1_203' title='bbox 589 2472 726 2540; x_wconf 77' lang='lat' dir='ltr'><strong>fluctuque</strong></span> <span class='ocrx_word' id='word_1_204' title='bbox 737 2474 837 2528; x_wconf 86' lang='lat' dir='ltr'><strong>luroris</strong></span> <span class='ocrx_word' id='word_1_205' title='bbox 889 2524 891 2529; x_wconf 95' lang='lat'><em>.</em></span> 
     </span>
     <span class='ocr_line' id='line_1_35' title="bbox 150 2543 805 2610; baseline 0.009 -20"><span class='ocrx_word' id='word_1_206' title='bbox 150 2544 302 2610; x_wconf 85' lang='lat' dir='ltr'><strong>Compages</strong></span> <span class='ocrx_word' id='word_1_207' title='bbox 314 2543 432 2596; x_wconf 89' lang='lat' dir='ltr'><strong>humana</strong></span> <span class='ocrx_word' id='word_1_208' title='bbox 442 2544 525 2604; x_wconf 88' lang='lat' dir='ltr'><strong>labat,</strong></span> <span class='ocrx_word' id='word_1_209' title='bbox 536 2543 681 2609; x_wconf 89' lang='lat' dir='ltr'><strong>pulsusque</strong></span> <span class='ocrx_word' id='word_1_210' title='bbox 692 2543 805 2596; x_wconf 87' lang='lat' dir='ltr'><strong>deorum</strong></span> 
     </span>
    </p>

    <p class='ocr_par' dir='ltr' id='par_1_14' title="bbox 89 2610 862 2750">
     <span class='ocr_line' id='line_1_36' title="bbox 89 2610 862 2684; baseline 0.01 -25"><span class='ocrx_word' id='word_1_211' title='bbox 89 2611 138 2660; x_wconf 88' lang='grc'><strong>120</strong></span> <span class='ocrx_word' id='word_1_212' title='bbox 150 2611 314 2663; x_wconf 84' lang='lat' dir='ltr'><strong>Concutiunt</strong></span> <span class='ocrx_word' id='word_1_213' title='bbox 324 2613 434 2681; x_wconf 81' lang='lat' dir='ltr'><strong>fragiles</strong></span> <span class='ocrx_word' id='word_1_214' title='bbox 446 2614 557 2663; x_wconf 90' lang='lat' dir='ltr'><strong>animas.</strong></span> <span class='ocrx_word' id='word_1_215' title='bbox 587 2610 632 2662; x_wconf 87' lang='lat' dir='ltr'><strong>Sic</strong></span> <span class='ocrx_word' id='word_1_216' title='bbox 642 2619 766 2679; x_wconf 90' lang='lat' dir='ltr'><strong>tempore</strong></span> <span class='ocrx_word' id='word_1_217' title='bbox 778 2616 862 2684; x_wconf 83' lang='lat' dir='ltr'><strong>longo</strong></span> 
     </span>
     <span class='ocr_line' id='line_1_37' title="bbox 148 2680 788 2750; baseline 0.009 -22"><span class='ocrx_word' id='word_1_218' title='bbox 148 2680 278 2731; x_wconf 85' lang='lat' dir='ltr'><strong>lmmotos</strong></span> <span class='ocrx_word' id='word_1_219' title='bbox 288 2683 418 2748; x_wconf 86' lang='lat' dir='ltr'><strong>tripodas,</strong></span> <span class='ocrx_word' id='word_1_220' title='bbox 438 2689 585 2748; x_wconf 81' lang='lat' dir='ltr'><strong>vastaeque</strong></span> <span class='ocrx_word' id='word_1_221' title='bbox 597 2682 704 2732; x_wconf 86' lang='lat' dir='ltr'><strong>silentia</strong></span> <span class='ocrx_word' id='word_1_222' title='bbox 714 2687 788 2750; x_wconf 86' lang='lat' dir='ltr'><strong>rupis</strong></span> 
     </span>
    </p>
   </div>
   <div class='ocr_carea' id='block_1_3' title="bbox 0 0 982 3106">
    <p class='ocr_par' dir='ltr' id='par_1_15' title="bbox 0 0 982 3106">
     <span class='ocr_line' id='line_1_38' title="bbox 0 0 982 3106; baseline 0 0"><span class='ocrx_word' id='word_1_223' title='bbox 0 0 982 3106; x_wconf 95' lang='lat' dir='ltr'><strong> </strong></span> 
     </span>
    </p>
   </div>
  </div>
 </body>
</html>
