1950 3218
128 146 132 161 '
190 142 241 194 146
363 140 402 190 sl.
437 139 537 190 Aah:
573 138 756 191 LUCANl

189 259 348 327 Lymphato
360 260 510 325 trepidasse
522 257 612 309 metui
640 258 780 325 Praesagu
793 258 931 311 malorum

191 330 218 382 Si
241 332 307 381 data
327 345 402 379 mens
423 327 524 377 homini
547 334 597 389 est,
620 328 713 444 Τγιτίίε
734 327 780 393 qui
803 328 929 379 Gadibus

670 410 762 461 sospes

189 469 312 527 Adiacet,
324 467 532 531 Armeniumque
544 465 612 514 bibit
624 464 760 515 Romanus
771 466 893 517 Araxem

192 536 247 587 Sub
255 550 424 601 (quocumque
437 533 490 594 die,
501 538 720 600 quocumqueest
728 533 811 584 sideri
823 536 926 598 mundi,

129 606 180 656 tto
192 607 310 665 Aloeret,
321 609 349 653 et
360 605 595 669 ignoratcaussas,
609 603 926 669 animumquedolenteru

191 675 317 738 Corripit,
329 669 462 722 Emathiis
474 670 537 737 quid
550 670 647 736 perdat
657 671 745 721 nescit
754 673 782 721 in
797 674 881 724 ariis.

190 745 332 808 Euganeo,
344 742 367 790 si
377 755 442 789 reru
454 741 521 789 fides
533 739 753 801 memorantibus,
765 756 855 809 augur

193 812 267 862 Colle
278 811 384 870 sedens,
396 811 506 875 Aponus
517 809 597 857 terris
607 807 652 856 ubi
664 807 776 859 fumifer
786 813 853 873 exit,

190 883 277 947 Atque
290 878 436 928 Antenorei
447 877 611 944 dispergitur
621 877 694 926 unda
705 878 823 941 Timavi,

129 950 180 1001 195
197 947 275 999 Venit
286 963 389 997 strrnma
399 946 462 1007 dies,
471 946 581 1011 geritur
590 961 633 996 ret
642 946 771 1008 maxima,
782 947 865 999 dixit:

189 1018 278 1083 Impia
291 1025 452 1067 concrrrrunt
464 1014 588 1081 Pompeii
598 1025 624 1065 et
638 1013 764 1067 Caesaris
775 1032 876 1079 arria5
960 1040 964 1049 ·

192 1086 245 1138 Seu
256 1088 373 1136 tonitrus
385 1100 417 1135 ac
427 1086 483 1135 tela
494 1086 564 1134 loris
576 1099 709 1151 praesaga
718 1086 834 1148 notarit,

189 1154 309 1206 Aethera
320 1170 368 1204 seu
379 1160 467 1204 toturn
479 1154 599 1203 discordi
610 1153 743 1204 obsistere
755 1155 834 1205 coelo

191 1224 387 1290 Perspexitque
398 1223 488 1290 polos:
508 1237 556 1273 seu
571 1222 660 1272 lumen
676 1224 704 1272 in
720 1220 833 1275 aethere
850 1241 926 1277 urce-

663 1297 734 1341 stum

131 1366 181 1415 200
194 1363 274 1425 Solis,
284 1364 311 1412 in
324 1362 439 1412 obscuro
451 1376 569 1427 pugnam
579 1362 682 1426 pallore
693 1363 807 1412 notarit.

192 1431 356 1482 Dissimilem
367 1436 441 1479 certe
454 1430 567 1491 cunctis,
579 1446 646 1497 quos
658 1430 784 1496 explicat,
795 1435 854 1500 egit

192 1499 380 1549 Thessalicum
391 1503 489 1547 natura
499 1498 583 1547 diem:
602 1500 623 1549 si
636 1506 734 1549 cuncta
743 1502 834 1565 perito

190 1570 299 1634 Augure
310 1581 386 1615 mens
397 1564 535 1615 hominum
550 1566 618 1616 coeli
630 1583 701 1617 nora
711 1568 926 1634 signanotasset,

192 1634 315 1701 Spectari
328 1640 389 1683 toto
401 1636 491 1700 potuit
501 1633 644 1685 Pharsalia
656 1636 764 1686 mundo.

132 1706 182 1757 205
195 1706 217 1755 0
230 1717 349 1754 summos
360 1700 506 1763 hominum,
519 1705 761 1770 qumumFortuna
772 1720 822 1772 per
833 1708 928 1759 orbem

193 1771 276 1841 Signa
286 1772 370 1832 dedit,
380 1787 495 1837 quorum
507 1773 570 1823 fatis
583 1774 687 1823 coelum
698 1789 777 1825 omne
787 1776 910 1828 vacavit!

192 1845 271 1895 Haec
282 1847 310 1893 et
322 1841 392 1906 apud
404 1856 479 1890 seras
491 1850 595 1908 gentes,
608 1844 776 1909 populosque
786 1853 928 1912 nepotum,

193 1912 255 1963 Sive
267 1927 316 1962 sua
327 1915 432 1959 tanturn
442 1913 551 1960 venient
561 1913 588 1960 in
600 1913 709 1962 saecula
720 1911 803 1975 lama,

194 1980 256 2031 Sive
267 1978 366 2046 aliquid
377 1981 482 2045 magnis
492 1983 578 2030 nostri
591 1995 696 2048 quoque
709 1997 775 2031 cura
785 1982 889 2035 laboris

134 2056 184 2111 alo
194 2049 353 2101 Nominibus
366 2048 495 2114 prodesse
506 2056 606 2114 potest,
620 2066 680 2100 curn
689 2049 762 2100 bella
770 2053 907 2119 legentur,

193 2119 314 2187 Spesque
330 2125 471 2184 metusque
487 2118 578 2180 simul,
595 2120 769 2186 perituraque
787 2126 854 2172 vota
871 2136 928 2171 mo·

663 2188 778 2238 rebunt:

193 2257 366 2323 Adtonitique
377 2271 470 2308 omnes
481 2258 564 2307 veluti
574 2258 711 2307 venientia
721 2257 788 2321 fata,

193 2325 218 2376 N
220 2342 253 2376 on
265 2326 424 2375 transmissa
434 2325 538 2393 legent,
551 2331 579 2376 et
589 2324 677 2376 adhuc
689 2326 751 2389 tibi,
761 2330 879 2397 Magne,
888 2326 928 2378 ia·

663 2395 773 2448 vehunt.

244 2465 323 2514 Miles
334 2470 364 2512 ut
377 2462 491 2513 adverso
502 2461 608 2513 Phoebi
618 2464 740 2516 radiatus
753 2467 787 2518 ab
795 2468 854 2518 ictu

134 2535 183 2583 215
196 2533 371 2583 Descendens
381 2537 456 2582 totos
467 2530 587 2597 perfudit
597 2532 696 2585 lumine
709 2536 802 2599 colles,

195 2601 254 2650 Non
266 2608 369 2651 temere
380 2602 516 2650 immissus
528 2602 643 2667 campis:
662 2606 740 2656 stetit
746 2606 841 2657 ordine
851 2612 929 2656 certo

136 2732 158 2739 Α
196 2668 291 2718 infelix
305 2672 386 2719 acies.
417 2672 520 2719 Cornus
531 2670 581 2720 tibi
593 2686 659 2721 cura
668 2674 779 2740 sinistri,
