1956 3106
150 122 200 168 2⁰8
327 115 365 165 Μ.
401 112 502 165 Alta.
539 113 719 165 LUGAM

152 234 496 303 lamqueiteromnetatet:
508 233 892 287 necsuutdiscriniinaterree

151 307 219 368 Uita,
230 306 280 356 nisi
293 303 432 356 aetben'ae
442 303 533 354 medio
545 303 744 370 velutaequore
755 301 892 356 flammae.

90 377 142 428 495
154 375 295 427 Sideribus
307 387 408 423 novere
421 373 491 422 rias:
511 387 562 423 nec
575 373 668 423 sidera
677 380 745 423 nota

151 445 279 497 Ostendit
289 444 412 509 Libycae
424 442 516 492 finitor
527 442 646 492 circulus
658 457 732 504 orae,

150 516 293 582 Multaque
307 514 413 577 devexo
425 519 560 562 terrarum
572 512 695 579 margine
706 510 787 562 celat.

204 585 294 651 thue
306 583 382 633 cator
392 581 482 643 solvit,
490 597 568 648 quem
577 587 698 631 torserat
709 595 776 632 aera
786 588 891 645 ventus,

152 656 336 719 Incensusque
345 651 412 713 dies,
423 658 536 701 manant
546 651 693 701 sudoribus
704 657 795 701 artus:

92 725 143 774 50⁰
154 727 239 774 Arent
250 738 299 772 ora
311 722 368 772 siti:
390 727 540 788 conspecta
554 727 597 770 est
608 735 694 786 parra
704 720 829 789 nraiigntt

153 794 231 843 Unda
242 791 337 857 procui
349 805 431 840 rena:
451 806 531 857 quam
544 791 589 839 vix
601 805 616 839 e
630 789 742 856 pulvere
754 789 832 841 miles

153 861 318 927 corripiens,
330 859 451 926 patulum
464 859 560 927 galeae
572 859 697 918 confudit
708 859 735 909 in
747 858 853 921 orbem,

150 931 333 996 Porrexitque
344 929 415 978 duci.
436 928 604 996 Squalebant
613 929 724 995 putrere
736 927 833 981 fauces

152 1002 332 1051 Cunctorum:
345 999 639 1066 minimumquetenens
646 999 702 1049 dux
711 998 772 1064 ipse
779 998 894 1067 liquoris

91 1071 141 1121 5⁰5
153 1071 305 1121 Invidiosus
316 1074 384 1119 erat.
405 1067 492 1128 Mene,
504 1070 599 1135 inquit,
612 1068 737 1135 degener,
749 1084 833 1120 unum

152 1139 243 1203 Miles,
254 1138 283 1190 in
295 1137 347 1189 bec
358 1138 437 1188 turba
449 1154 563 1189 vacuam
574 1136 678 1188 virture
689 1138 818 1205 putasti?

155 1209 243 1276 Usque
254 1210 320 1259 adeo
333 1209 427 1266 broliis,
437 1207 584 1273 primisque
596 1206 731 1258 celeribus
742 1207 833 1275 impar

153 1281 218 1331 Sum
231 1279 321 1329 visust
334 1277 443 1339 Quanto
455 1295 541 1345 poena
553 1287 583 1328 to
595 1276 704 1345 dignior
713 1277 769 1328 inte
780 1294 817 1339 ee,

154 1349 216 1410 Qui,
226 1350 326 1414 popolo
340 1347 455 1404 sitiente,
468 1347 558 1397 didas!
577 1344 623 1397 Sic
635 1348 759 1398 concitus
768 1349 814 1399 ira

89 1419 141 1469 51⁰
155 1419 283 1470 Excussit
295 1417 411 1483 galeam,
423 1417 586 1484 suffecitque
599 1417 723 1467 ominibus
734 1418 817 1469 unda'.

207 1488 325 1540 Ventum
335 1492 396 1536 oret
406 1487 441 1537 ad
453 1488 600 1553 templum,
611 1486 726 1553 Libycis
743 1486 817 1554 quod
827 1502 894 1555 geu·

631 1556 704 1607 tibus
715 1572 799 1607 unum

154 1625 253 1677 lncuiti
267 1624 450 1673 Garamantes
462 1621 577 1673 babent:
598 1630 653 1675 stat
664 1624 778 1675 scutifer
786 1628 853 1677 istic

149 1695 263 1759 Iupiter,
275 1697 474 1750 utmemorant‚
485 1692 592 1743 sednon
601 1693 894 1761 autfuiminavibrttus,

150 1766 203 1814 Aut
211 1762 305 1813 similis
316 1768 422 1823 nostro,
434 1761 482 1812 sed
496 1764 576 1813 tortis
587 1764 715 1815 cornibus
728 1765 877 1817 Hammon.

90 1835 142 1885 515
153 1833 215 1885 Non
226 1833 282 1883 illic
295 1831 420 1897 Libycae
433 1839 584 1898 posuerunt
596 1833 664 1892 ditia
674 1842 771 1903 gentes

152 1903 280 1968 Templa:
291 1918 341 1952 nec
355 1903 420 1951 Eois
432 1902 576 1968 splendent
586 1902 701 1954 donaria
710 1906 836 1972 gemmis,

153 1973 283 2034 Quamvis
295 1969 457 2037 Aethiopum
472 1972 588 2038 populis,
600 1974 772 2042 Arabumque
783 1974 875 2027 beatis

153 2040 296 2102 Gentibus,
309 2049 391 2108 atque
405 2041 476 2091 indis
487 2058 556 2091 unus
567 2042 603 2092 sit
615 2044 717 2108 iupiter
729 2045 878 2108 Hammon,

151 2113 261 2177 Pauper
273 2109 363 2161 adbuc
375 2111 441 2161 deus
452 2117 503 2172 est,
514 2111 593 2163 nuliis
605 2113 707 2163 vintatn
719 2128 879 2180 pertaesum

88 2181 141 2232 52⁰
153 2182 261 2232 Divitiis
272 2179 387 2231 delubra
397 2188 505 2231 tenens:
527 2197 686 2251 morumque
697 2186 821 2249 priorum

151 2250 256 2301 Numen
269 2250 393 2300 Romano
404 2250 534 2316 templum
546 2250 669 2302 defendit
680 2253 714 2304 ab
726 2268 804 2303 auro.

151 2321 220 2370 Esse
231 2319 299 2369 iocis
310 2335 433 2385 superos,
445 2326 564 2370 testatur
573 2322 650 2381 silva,
663 2337 712 2388 per
725 2337 837 2374 (emnem

152 2388 218 2440 Sola
227 2390 318 2439 virens
330 2389 447 2455 Libyen.
470 2388 539 2439 Nam
552 2390 680 2458 quidquid
693 2392 805 2458 putrere
815 2393 893 2446 eicco

153 2457 270 2525 Separat
280 2459 420 2510 ardentem
433 2459 525 2523 tepida
538 2460 699 2511 Berenicida
715 2461 808 2528 inepti,

89 2528 142 2580 tm
153 2530 267 2596 ignorat
277 2528 401 2580 frondes:
420 2528 494 2579 sotus
505 2544 599 2579 uentus
609 2531 708 2583 extistit
719 2532 869 2587 Hammon.

151 2596 285 2649 Silvarum
297 2597 359 2649 fons
371 2613 470 2648 caussa
479 2598 551 2662 ioco,
562 2599 606 2667 qui
620 2602 709 2666 putria
720 2608 812 2656 term

151 2666 268 2736 Adligat,
280 2675 309 2720 et
319 2669 437 2722 doudtas
447 2668 520 2721 unda
531 2672 672 2724 connectit
682 2686 789 2726 menas.
841 2737 846 2745 Ι
