1956 3106
183 181 681 243 t‘HsRsnL1A.Llss.v11.
746 194 800 247 143

62 290 231 366 Exspectat:
244 315 372 368 propera,
383 320 415 354 ne
426 313 452 354 te
464 313 512 354 tua
523 307 636 358 classica
647 311 777 378 linquant.

64 367 141 420 Scire
152 378 259 420 senatus
269 380 339 431 aret,
350 370 424 422 miles
436 382 470 432 te,
482 370 590 440 Magne,
602 390 740 443 sequatur,

63 437 107 490 An
120 453 212 488 canses.
251 439 280 487 ln
301 441 495 502 emuitcector,
506 444 643 510 sensitque
654 447 766 501 deorum
822 452 860 502 85

62 507 132 557 Esse
142 504 229 568 dolos,
242 512 270 556 et
280 454 339 556 Pata
350 523 416 559 suae
428 512 568 561 contraria
577 517 670 565 menti.

63 574 95 625 δι’
100 576 194 640 placet
204 573 263 637 lunc,
273 576 368 642 inquit,
380 577 491 638 eunctis,
502 579 527 629 si
537 581 623 632 nuilite
632 581 744 654 Magna,

61 643 120 696 Nan
130 643 204 704 luce,
215 652 318 710 tempus
329 656 398 713 eget,
409 647 449 698 nil
459 649 532 698 ultra
540 650 611 716 fata
623 655 758 707 mcralar.

60 711 184 764 Involvat
192 714 304 778 papulas
314 729 368 765 una
379 715 505 767 Fortuna
518 717 608 780 tulna,

61 780 157 847 Sitque
167 779 301 832 lentinum
312 799 426 852 ntagnae
437 784 550 837 lanista
560 789 702 843 novissima
709 793 795 860 parti.
822 795 859 847 00

62 848 167 913 Testor,
178 848 275 914 Rama,
288 860 392 905 tamen:
405 853 546 921 Magnum,
557 875 607 924 quo
617 871 715 914 cuncta
721 863 794 928 peri-

57 988 198 1055 Aecept'sse
208 989 285 1040 diens.
316 990 413 1040 Potuit
425 990 476 1041 riti
486 937 676 1049 ”Myrinum

57 1059 141 1109 Stare
151 1058 226 1108 lator
237 1057 314 1108 tout:
323 1059 417 1124 potuit
428 1060 484 1111 sine
496 1065 576 1114 caede
586 1067 735 1128 subactum,

58 1126 254 1194 Captivumque
265 1127 357 1176 eluccue
369 1127 489 1179 violatae
500 1133 608 1184 tradere
617 1135 690 1200 pasl.

58 1194 124 1260 Quis
131 1194 226 1266 furor,
237 1212 252 1245 a
262 1195 344 1256 caeci,
354 1198 503 1249 scelerum?
522 1198 621 1254 Civilia
632 1202 700 1253 bella
819 1206 856 1256 95

20 1266 25 1273 '
60 1263 172 1317 Gesturi
184 1272 314 1324 metuunt,
326 1281 357 1313 ue
369 1281 490 1317 secacum
501 1271 633 1338 sanguine
644 1271 769 1324 vincunt?

54 1332 223 1384 Abstulimus
233 1341 329 1392 terras,
343 1334 502 1386 exclusimus
515 1355 631 1404 aequare
640 1351 705 1404 tota,

55 1400 297 1466 Adpraematuras
307 1411 425 1467 segetum
438 1404 529 1457 ieiuna
541 1408 651 1474 ratuinus

56 1469 175 1536 Agmina
188 1469 368 1536 compulimus,
379 1482 521 1542 vatumque
533 1476 670 1545 effecimus
680 1478 759 1542 lasti,

59 1538 96 1589 Ut
109 1541 201 1590 nsallet
212 1539 298 1591 sterni
305 1541 420 1608 gladiis,
430 1555 578 1612 mortesque
588 1565 695 1600 suarum
800 1553 854 1602 100

54 1607 224 1660 Permiscere
235 1609 307 1661 neeis.
336 1609 408 1664 Belli
415 1631 482 1680 ¹pars
492 1633 590 1685 nstugna
599 1629 713 1685 peracta
725 1630 765 1673 est

56 1676 117 1740 His,
129 1678 224 1745 quibus
236 1676 362 1746 effectum
374 1692 422 1743 est,
435 1701 466 1734 ne
473 1702 595 1754 pugnam
607 1688 661 1740 tiro
668 1700 797 1756 paveret:

56 1747 88 1798 St
99 1749 174 1799 ersoda
187 1748 297 1799 uirtutis
307 1751 433 1815 stimulis,
445 1753 554 1822 iraeque
564 1760 652 1810 calare

58 1815 145 1886 Signa
152 1826 259 1884 petunt.
288 1816 389 1871 Multas
400 1820 428 1872 in
438 1838 539 1875 summa
549 1827 670 1891 pericula
682 1828 755 1880 miss't

63 1883 177 1937 Venturi
187 1886 269 1937 ts'rnar
280 1885 335 1951 lpse
346 1889 420 1939 mali.
449 1890 630 1947 Farts'ssamns
642 1896 687 1946 s'lle
698 1906 746 1957 est,
800 1897 854 1948 105

58 1954 113 2016 Qui
122 1963 263 2019 promptus
273 1958 413 2008 mutuenda
421 1961 492 2024 pati,
504 1962 528 2013 si
539 1965 682 2016 cornminus
694 1964 802 2027 instent,

56 2023 95 2074 tn
108 2021 222 2091 differre
234 2030 335 2088 potest.
366 2026 464 2078 Placet
479 2030 545 2082 lnaec
562 2041 618 2083 tam
631 2039 764 2100 prospera

528 2117 617 2151 rerunt

59 2161 178 2213 Tradere
190 2160 347 2212 Fortunae?
366 2163 461 2230 gladia
469 2169 626 2232 permittere
639 2170 730 2222 muudi

58 2229 230 2282 Discrimen?
241 2231 371 2298 Pugnare
377 2233 476 2294 ducem,
484 2253 562 2301 qnam
568 2237 680 2300 uincere,
690 2243 800 2293 malunt.

58 2299 110 2350 Iler
121 2300 187 2351 ntilti
198 2300 335 2352 Rcsuanas
348 2302 466 2362 deleres,
479 2304 612 2367 Fortuna,
623 2311 772 2378 regendas:
800 2312 855 2363 110

58 2368 158 2435 Accipe
170 2370 291 2429 maiores,
303 2379 329 2420 et
341 2387 419 2423 caeca
431 2371 460 2423 s'n
471 2371 562 2425 Marte
574 2385 658 2428 tuere.

58 2438 181 2504 Pompeii
191 2456 238 2490 nec
249 2439 349 2491 criruen
361 2441 422 2499 erit,
433 2459 480 2492 nec
486 2445 578 2512 gloria
590 2445 693 2498 bellum.

62 2505 153 2572 Vincis
164 2509 237 2572 apud
249 2524 357 2573 superas
368 2509 438 2561 uotis
449 2527 497 2574 rue,
510 2512 620 2578 Caesar,
632 2516 747 2582 iniquis:

56 2576 214 2645 Pugnatur.
247 2576 383 2640 Quantum
394 2583 536 2644 scelerum,
548 2596 725 2652 quantumque
736 2604 790 2640 tnta·

528 2655 614 2705 larsem

56 2713 89 2765 In.
98 2717 209 2779 papselas
218 2716 265 2767 lun
277 2715 331 2767 ista
337 2717 428 2787 feret!
449 2731 513 2783 queat
524 2739 610 2791 regna
619 2725 761 2792 iacebunt!
799 2725 851 2776 115
