1956 3106
229 136 288 205 rra
301 138 319 183 ,l
336 137 354 184 tl
369 137 385 184 S
398 139 416 185 l
431 137 452 186 l,
468 138 518 185 lrl.
555 136 577 184 l)
592 138 644 185 lll.
674 139 692 186 l.
806 139 835 191 15

99 259 240 317 Teutates,
253 253 420 323 horrensque
431 255 495 306 feris
506 256 636 305 altaribus
646 257 745 319 Hesus,
843 260 896 309 445

100 329 136 377 at
148 326 263 375 Taranis
276 322 422 390 Scythicae
435 340 489 374 nun
499 324 592 374 mitior
600 338 651 373 ara
661 324 773 378 Dianae.

99 396 157 447 Vos
169 409 284 462 queque,
293 395 337 460 qui
349 392 435 442 fortes
446 395 558 453 animas,
568 388 836 460 belloqueperemtas

98 463 239 513 Laudibus
250 464 276 511 in
288 462 398 527 longum
410 470 486 512 rates
497 462 631 512 dimittitis
643 477 747 524 aevum,

99 533 219 582 Plurima
229 532 319 581 securi
330 530 437 579 fudistis
449 532 577 592 earmina,
588 531 680 580 Bardi.
919 592 923 600 Ι

100 603 135 651 [lt
145 616 194 650 ves
205 599 365 650 barbaricos
376 601 452 661 rituS,
465 615 621 666 nruremque
633 601 770 650 sinistrum
844 607 894 653 lali

99 669 255 728 Sacrorum,
266 666 395 729 Druidae,
407 671 502 735 positis
515 670 652 735 repetistis
665 670 698 718 ab
710 673 799 719 armis.

98 737 169 788 Sulis
182 751 263 788 nosse
275 736 350 797 dees,
362 742 390 787 et
400 738 470 787 caeli
482 740 591 787 numina
601 738 687 799 vebis,

97 809 150 856 Aut
162 807 226 857 solis
237 805 343 856 nescire
355 806 460 856 datum:
480 822 593 857 nemora
604 806 660 856 alta
670 811 782 857 remotis

99 876 219 926 lneolitis
230 875 305 924 lueis.
325 874 410 926 Vobis
423 877 588 937 auctoribus,
600 874 710 926 umbrae

98 943 158 994 Non
169 945 268 994 tacitas
281 944 364 994 Erebi
375 945 454 995 sedes
466 945 591 1011 Ditisque
603 945 728 1014 profundi
843 949 894 996 lib

97 1013 203 1063 Pallida
212 1027 297 1079 regna
309 1019 416 1079 petunt:
429 1016 498 1080 regit
509 1015 580 1063 idem
592 1015 701 1078 spiritus
713 1023 787 1065 artus

98 1082 171 1132 Orbe
183 1082 248 1131 alie:
262 1081 359 1148 lungae
370 1084 479 1144 (canitis
490 1085 511 1131 si
524 1084 644 1147 cognita)
656 1084 728 1132 ritae

97 1146 173 1201 Mers
193 1151 283 1216 media
305 1158 354 1199 est.
397 1152 476 1199 Certe
498 1151 605 1215 pupuli,
629 1165 696 1215 ques
718 1151 833 1216 despicit

574 1219 681 1277 Arctus,

56 1342 57 1346 ,
98 1288 203 1338 l'elices
216 1299 308 1333 errare
320 1299 379 1343 suu,
391 1299 458 1349 ques
469 1284 512 1332 ille
521 1287 649 1334 timorum

98 1354 234 1404 Maximus
246 1350 317 1402 haud
328 1357 416 1418 urget,
428 1353 473 1401 leti
485 1362 582 1403 metus.
610 1353 674 1403 lnde
688 1357 782 1405 ruemli
843 1359 894 1407 tris

98 1424 128 1472 ln
140 1420 240 1470 sermm
252 1435 327 1470 mens
339 1436 424 1486 prona
434 1422 506 1483 viris,
518 1423 677 1489 animaeque
690 1439 804 1490 capaces

95 1491 208 1541 Mortis:
221 1495 248 1540 et
258 1492 393 1557 ignarum,
406 1490 543 1541 rediturae
555 1507 667 1557 parcere
678 1494 754 1544 ritae.

95 1561 132 1610 Et
142 1574 199 1620 vos,
212 1560 357 1626 cirrigeros
368 1559 444 1609 hellis
457 1576 550 1610 arcere
562 1563 668 1626 Caycus

97 1629 230 1696 oppositi,
242 1630 334 1695 petitis
345 1629 468 1690 Romam,
480 1629 619 1697 Rhenique
629 1630 736 1682 feroces

95 1698 227 1748 Deseritis
237 1700 318 1764 ripas,
330 1704 357 1747 et
367 1705 491 1764 apertum
503 1701 628 1767 gentibus
641 1700 742 1762 orbem.
839 1703 894 1751 «liii
970 1767 973 1777 1

149 1769 258 1827 Caesar,
271 1773 300 1815 ut
308 1768 456 1818 immensae
469 1768 584 1818 collecto
597 1769 696 1818 robore
706 1771 777 1819 vires

93 1835 213 1888 Audendi
227 1837 332 1885 maiora
344 1835 424 1885 tidem
436 1835 536 1898 fecere,
551 1853 599 1902 per
611 1853 718 1887 emnem

93 1904 236 1972 Spargitur
248 1904 363 1966 ltaliam,
376 1906 518 1972 vicinaque
530 1908 638 1956 moenia
650 1907 776 1973 eenrplet.

94 1975 173 2024 Vana
182 1986 288 2039 quoque
301 1972 334 2021 ad
345 1988 424 2023 verus
436 1977 552 2024 accessit
563 1974 636 2024 fama
647 1977 768 2039 timores,

91 2041 246 2108 Irrupitque
259 2041 362 2089 animos
373 2042 473 2107 populi,
486 2043 643 2110 clademque
656 2044 773 2096 futuram
838 2050 888 2095 lib

95 2111 194 2171 lntulit,
206 2115 235 2159 et
246 2108 325 2157 velex
338 2113 510 2174 properantis
522 2115 616 2162 nuntia
626 2113 688 2162 belli

94 2182 249 2230 lnnumeras
261 2177 343 2226 solvit
353 2176 422 2226 falsa
432 2179 458 2226 in
470 2182 617 2243 praeconia
626 2180 739 2246 linguas.

95 2247 151 2308 ast,
162 2249 216 2314 qui,
228 2245 366 2298 tauriferis
379 2246 424 2295 ubi
436 2262 465 2295 se
474 2247 601 2297 Mevania
613 2251 714 2314 carnpis

92 2315 226 2384 Explicat,
239 2316 356 2366 audaces
369 2329 447 2365 ruere
458 2317 484 2364 in
498 2319 647 2366 certamina
657 2324 759 2375 turmas

92 2384 210 2448 ¹idiensi,
223 2392 264 2446 et,
277 2401 331 2452 qua
341 2384 398 2434 Nar
409 2385 538 2434 Tiberirm
550 2385 670 2435 illabitur
681 2390 760 2449 amni,
836 2395 889 2441 list

91 2450 253 2506 Barbaricas
264 2457 338 2506 saevi
350 2455 503 2505 discurrere
516 2455 640 2506 caesaris
651 2455 721 2508 alas:
780 2455 781 2458 ’

89 2523 181 2588 lpsum
191 2537 283 2575 omnes
296 2523 414 2590 aquilas,
428 2523 581 2591 collataque
592 2527 669 2592 signa
679 2526 819 2590 terentem,

89 2593 201 2659 Agmine
212 2606 265 2644 non
277 2607 345 2654 uno,
357 2591 500 2661 densisque
510 2593 638 2646 incedere
650 2600 753 2647 erastus.
774 2613 776 2617 ⁴

89 2656 833 2734 Nec,qrralemmeminere,rident:maiorque,l'erusquu
