1956 3106
148 174 199 227 210
275 173 446 226 CARMEN
479 174 528 225 al)
558 171 759 224 PISONEM.

148 292 267 346 Pulcher
276 291 373 356 honos,
385 299 414 343 et
424 293 506 360 digna
515 293 571 343 suis
582 291 717 343 natalibus
729 307 789 344 ora.
871 301 874 305 '

147 364 263 415 Additur
273 361 327 414 huc
339 368 367 413 et
375 363 448 413 iusta
459 362 535 424 tides,
547 367 575 412 et
586 361 667 428 plena
677 360 791 430 pudoris
885 362 889 369 '

106 433 139 484 05
150 433 287 494 Libertas,
299 432 457 498 anirnusque
468 431 541 481 nrala
551 430 688 498 ferrugine
699 447 799 498 purast

148 503 265 569 Ipsaque
275 516 402 568 possesso
412 515 488 552 mens
499 506 541 551 est
552 499 705 566 opulentior
716 514 794 552 auro.
895 564 897 569 ,

151 572 218 632 Quis
230 577 278 621 tua
288 571 432 631 cultorum,
441 570 545 620 iuvenis
556 568 681 632 facunde,
692 575 802 621 tuorum

148 640 258 691 Limina
268 653 372 706 pauper
383 638 448 700 adit,
461 653 541 706 quem
550 654 605 690 non
616 639 739 690 animosa
746 640 862 691 beatum

150 710 270 775 Excipit,
282 714 310 759 et
320 707 409 758 subito
422 708 497 758 iurat
506 706 785 776 indulgentia'censu!

90 779 141 829 100
153 778 288 844 Quodque
299 777 385 843 magis
397 777 470 827 dono
481 776 564 829 fuerit
574 778 720 844 pretiosius
731 778 816 840 amai,

150 846 249 913 Diligis
260 860 294 896 er
306 861 407 912 aequo:
425 862 477 897 nec
488 853 516 898 te
526 847 649 905 Fortuna
659 846 788 897 clientum

152 915 297 966 Natalesre
308 922 431 966 movent:
450 916 573 983 probitas
584 921 724 983 spectatur
732 916 761 967 in
769 915 835 967 illis.

151 984 233 1035 Nulla
243 984 421 1051 superborum
435 987 574 1052 patiuntur
584 987 659 1037 dicta
667 986 807 1037 iocorum:

151 1054 256 1105 Nullius
266 1054 371 1105 subitos
383 1055 473 1105 adfert
483 1056 581 1106 iniuria
590 1056 669 1106 risus.

90 1124 143 1175 105
154 1125 228 1175 Unus
239 1125 375 1175 amicitiae
386 1140 505 1175 summos
515 1131 595 1175 tenor
606 1123 698 1186 ambit,
710 1128 738 1174 00
747 1123 827 1175 imos.

151 1194 226 1244 Rara
236 1194 331 1245 domus
344 1200 452 1244 tenuem
462 1210 516 1244 non
527 1199 688 1260 aspernatur
698 1191 825 1255 amicum,

152 1264 278 1331 Raraque
289 1279 342 1313 aon
354 1261 481 1314 humilem
495 1263 583 1313 001000
593 1263 699 1313 1000000
708 1261 846 1313 clientem.

152 1332 219 1394 lllic,
232 1338 309 1383 casta
319 1334 385 1383 11000
395 1348 471 1383 mons
483 1338 511 1384 00
520 1333 577 1383 sinc
589 1332 822 1382 001001000000000

153 1401 227 1464 Vita,
237 1408 329 1452 tannen
341 1402 463 1467 probitas
474 1417 535 1452 curn
546 1406 709 1468 paupertate
718 1398 830 1451 iacebit.

93 1472 143 1520 110
151 1468 205 1520 Sed
215 1471 294 1520 lateri
305 1470 392 1520 nullus
405 1472 531 1520 comitem
539 1470 707 1521 circumdare
714 1467 830 1536 quaerit,

155 1538 891 1605 Quemdatpurasamor‚sedquen1tulitirnpiamerces,

152 1607 211 1658 Nec
223 1608 363 1674 quisquam
374 1621 439 1656 voro
452 1607 568 1672 pretium
579 1607 694 1675 largitur
705 1608 802 1669 amico,

154 1677 241 1737 Qucrn
252 1681 331 1742 regat
343 1689 377 1725 ex
392 1690 490 1743 aequo,
502 1675 659 1744 vicibusque
665 1682 777 1745 regatur
784 1672 820 1727 ab
828 1674 892 1727 illos

153 1744 208 1797 Sed
220 1746 347 1795 miserum
358 1759 444 1811 parva
453 1745 525 1812 stipe
538 1752 672 1808 munerat,
678 1751 709 1797 ut
718 1742 893 1815 pudibundo·

92 1814 144 1866 115
155 1817 292 1866 1100000000
303 1815 374 1865 00100
385 1815 457 1865 inter
468 1817 591 1866 convivia
601 1817 696 1883 possit.

152 1887 210 1936 lsta
220 1884 316 1951 procul
326 1884 412 1947 labes,
423 1884 518 1950 procul
528 1883 598 1936 0000
609 1887 731 1936 Fortuna
741 1884 854 1953 refugii,
924 1898 927 1903 ·

153 1955 227 2015 Piso,
239 1961 322 2016 tuam,
334 1954 497 2016 venerande,
509 1955 632 2005 domum:
652 1961 690 2018 tu,
701 1955 775 2006 mitis
785 1960 816 2006 et
825 1954 883 2005 acri

153 2025 306 2090 asperitate
317 2039 421 2086 carens,
432 2024 576 2091 positoque
587 2040 636 2090 per
648 2022 830 2087 omniaiastu,

154 2094 228 2144 lnter
238 2099 269 2143 ut
279 2093 407 2160 aequales
418 2109 487 2144 unus
500 2094 650 2145 numeraris
663 2094 781 2144 arnicas:

92 2163 143 2211 120
156 2161 475 2230 Obsequiumquedoces‚
488 2167 642 2214 etamorenr
650 2160 895 2230 quaerisarnaado.

155 2235 259 2283 Cuncta
269 2232 366 2282 domus
376 2233 454 2283 00010
465 2231 600 2282 cultorum
611 2237 741 2298 personat
751 2236 822 2294 arte,

155 2301 492 2352 Cunctamovetstudium:
502 2316 554 2352 nec
560 2302 630 2353 enirn
635 2301 684 2353 0101
690 2300 758 2351 dura
764 2300 897 2351 clientum

155 2371 250 2422 'l'urba
259 2370 367 2421 rudisve
377 2370 477 2436 placet,
489 2372 589 2421 00100οο
618 2386 670 2421 uae
679 2369 752 2419 freta
762 2368 860 2420 labere

151 2440 196 2491 Nil
209 2442 259 2492 nisi
270 2444 406 2491 summoto
417 2440 493 2490 novit
504 2387 671 2506 0000000000
681 2438 776 2506 vulgo:

93 2508 144 2559 125
157 2509 210 2560 Sed
223 2512 308 2560 uirtus
319 2525 466 2560 numerosa
475 2509 559 2559 iuvat.
578 2510 622 2560 Tu
633 2508 768 2575 pronusin
779 2521 863 2559 ornae

153 2580 274 2630 Pectora
284 2579 360 2629 ducis
373 2594 450 2645 opus,
461 2593 509 2629 seu
521 2584 549 2629 te
558 2580 686 2647 graviora
696 2582 841 2640 vocarunt,

153 2648 208 2700 Seu
219 2649 322 2698 leviora
330 2649 437 2698 iuvant:
458 2664 509 2699 nec
520 2650 591 2699 enirn
601 2648 730 2699 facundia
740 2660 850 2714 semper

91 2780 94 2788 ¹
152 2718 277 2772 Adducta
290 2733 351 2767 cunr
363 2717 454 2770 fronte
465 2716 570 2784 placet:
590 2733 640 2769 nec
652 2733 760 2786 semper
770 2718 798 2768 in
809 2716 898 2768 armis
