1956 3106
132 184 183 233 244
264 179 433 231 CARNIEN
462 181 513 229 AD
547 178 745 231 PISONEM.

134 303 285 368 contigerit
294 314 458 350 memorare:
476 314 570 349 manus
581 299 629 350 sed
639 298 738 349 bellica
748 303 852 365 patrum

132 374 328 437 Armorumque
339 368 417 418 labor
427 373 534 418 veteres
546 368 664 418 docuere
676 368 805 429 Quirites,

132 442 219 506 Atque
230 440 289 489 illos
301 439 424 488 cecinere
436 437 478 486 sui
487 453 536 503 per
547 437 668 486 carmine
676 441 763 486 rates.

92 509 124 557 25
136 508 191 557 Nos
203 521 308 573 quoque
320 512 419 572 pacata
429 505 555 555 Pisonem
567 505 647 555 laude
657 506 789 556 nitentem

134 579 325 642 Exaequamus
336 577 401 624 avis.
431 576 535 624 'samen
546 574 598 624 etsi
606 574 678 624 bella
689 576 823 641 quierunt,

135 645 196 695 Non
208 645 288 710 periit
299 645 396 693 virtus:
415 643 480 693 lieet
491 657 619 694 exercere
629 648 743 709 togatae
862 704 868 715 ι

134 716 249 763 Munera
259 712 382 761 militiae:
403 711 469 761 licet
479 717 506 762 et
516 713 574 761 sine
585 712 725 778 sanguinis
734 710 832 765 haustu

134 784 213 831 uitia
224 781 344 847 legitimo
356 778 405 830 sub
419 780 509 830 iudice
519 780 591 830 bella
599 795 719 832 ururere.

92 852 125 900 30
138 852 208 899 Hinc
221 865 327 915 quoque
339 849 439 899 serrati
452 849 584 915 contingit
593 849 681 914 gloria
693 850 770 913 ciris,

134 919 248 984 Altaque
260 919 386 968 victrices
395 919 521 967 intexunt
529 918 621 966 limina
632 917 747 983 palmae.

136 986 206 1048 Quin
219 1001 278 1053 age,
288 989 429 1049 maiorum,
439 987 543 1036 iuvenis
554 985 679 1050 facunde,
689 994 801 1039 tuorum

135 1054 240 1105 Scande
252 1071 335 1122 super
347 1055 449 1116 titulos,
461 1060 489 1105 et
499 1057 588 1105 aritae
599 1055 687 1106 laudis
697 1055 820 1109 honores

134 1127 330 1191 armorumque
341 1125 423 1175 decus
434 1124 569 1189 praecede
579 1123 734 1176 forensibus
746 1127 826 1179 actia.

93 1194 125 1241 35
138 1193 183 1243 Sic
195 1196 276 1244 etiam
289 1208 387 1261 magno
398 1195 451 1243 iam
463 1199 528 1243 tuuc
538 1195 670 1245 Cicerone
679 1195 791 1262 rigente

135 1264 244 1312 Laurea
254 1262 378 1312 facundis
390 1268 531 1313 cesserunt
544 1278 620 1312 arma
628 1265 725 1330 togati.

132 1333 261 1398 Quaeque
269 1332 868 1402 patrumclarosquondamrisuratriumphoa

134 1402 203 1450 Olim
216 1401 296 1450 turba
306 1402 364 1451 rias
375 1400 535 1466 impleverat
546 1402 652 1467 agmine
664 1400 758 1465 denso,

132 1470 223 1519 Ardua
233 1485 303 1518 nune
314 1470 410 1519 eadem
421 1471 505 1533 stipat
516 1468 585 1528 sora,
597 1484 658 1519 eum
669 1475 719 1520 tua
729 1477 851 1523 maestos

90 1540 123 1586 40
138 1537 291 1587 Defensura
302 1553 363 1587 reos
374 1552 468 1586 vocem
480 1536 609 1588 facundia
619 1539 715 1588 mittit:

134 1606 186 1655 Seu
198 1606 319 1669 trepidos
331 1605 365 1654 ad
375 1606 436 1653 iura
448 1605 543 1655 decem
557 1607 624 1656 citat
633 1604 714 1657 hasta
727 1610 858 1671 virorum,

135 1675 169 1723 Et
181 1674 288 1721 firmare
299 1673 374 1721 iubet
386 1679 500 1722 centeno
510 1674 600 1725 iudice
612 1691 735 1726 caussam

134 1742 187 1792 Seu
199 1742 314 1807 capitale
327 1741 403 1791 rictas
416 1756 532 1806 operosa
543 1744 622 1795 diluis
634 1750 702 1807 arte,

133 1811 338 1877 Laudibusipsa
349 1812 611 1863 tuisresonautfora.
623 1815 666 1863 Tu
675 1814 869 1881 quoqu0‚Piso,

91 1882 124 1928 45
137 1881 234 1930 iudicis
246 1880 375 1931 affectum
386 1896 566 1949 possessaque
578 1888 694 1948 pectora
704 1883 782 1934 ducis
828 1890 831 1895 ’

134 1950 245 2013 Vict0r3
257 1957 353 2014 sponte
365 1965 415 1999 sua
425 1952 555 2018 sequitur,
568 1967 738 2019 quocumque
747 1954 869 2005 vocasti:

136 2019 203 2078 Flet,
215 2018 236 2068 si
250 2017 315 2068 ssere
325 2019 415 2068 iubes:
435 2020 537 2085 gaudet
546 2021 667 2088 gaudere
679 2027 808 2086 coactum

137 2090 171 2137 {rt
182 2094 209 2136 tc
221 2086 302 2136 dante
314 2089 387 2153 capit
397 2089 488 2150 iudex,
502 2105 581 2156 quam
592 2105 646 2140 non
658 2088 751 2153 habet,
763 2092 843 2141 iram.

136 2156 180 2206 Sir
192 2157 287 2222 auriga
296 2156 366 2207 solet
376 2156 508 2207 ferventia
520 2157 667 2210 Thessalus
680 2174 729 2208 ora

91 2225 281 2275 adorabilibus
293 2224 376 2275 frenis
386 2226 414 2275 in
424 2232 519 2292 aperto
532 2227 642 2278 flectere
654 2243 762 2293 campo,

136 2295 187 2356 Qui
198 2293 280 2343 modo
291 2310 345 2344 non
357 2295 444 2345 solum
455 2296 549 2361 rapido
562 2297 693 2363 permittit
705 2294 830 2349 habenas

136 2363 319 2428 Quadrupedi,
327 2364 456 2415 sedcalce
463 2366 538 2427 citat,
547 2366 780 2432 modotorquetin
787 2380 870 2419 aures

131 2433 277 2484 Flexibiles
287 2434 381 2495 rictus,
394 2439 422 2483 et
433 2450 504 2484 nunc
515 2437 619 2486 cervice
630 2440 724 2485 rotata

132 2504 231 2567 Incipit
242 2501 344 2551 effusos
354 2505 380 2551 in
392 2518 490 2569 gyrum
503 2519 615 2570 carpere
628 2519 730 2554 cursus.

88 2569 121 2618 55
135 2572 200 2630 Quis
212 2586 266 2620 non
277 2571 415 2623 adtonitus
426 2572 508 2622 iudex
519 2578 567 2624 tua
577 2573 689 2638 respicit
700 2571 767 2624 orat

135 2639 200 2699 Quia
211 2641 283 2706 regit
292 2641 300 2688 i
304 2656 352 2705 pse
363 2656 448 2704 suam,
465 2644 514 2692 nisi
527 2648 634 2709 pertua
650 2642 780 2746 ppndera
791 2658 870 2697 men·

604 2716 675 2763 tem.
