1956 3106
180 161 214 212 34
359 159 398 211 Μ.
434 156 535 210 ΑΝΝ.
571 155 752 208 LUCANl

179 279 320 330 Umbrosis
332 277 449 329 mediam
462 293 514 344 qna
527 275 639 327 collibus
651 276 804 341 Apenninus

180 349 270 415 Erigit
282 348 398 408 ltaliarn,
410 347 484 396 nullo
497 361 551 413 qua
560 345 663 395 vertice
674 345 753 395 tellus
786 396 790 404 ,

181 417 266 466 Altius
278 418 414 478 intumuit,
427 418 592 482 propiusque
604 416 720 464 accessit
731 414 859 480 Olympo.

181 486 262 535 Mons
272 487 345 536 iuter·
355 487 476 552 geminas
487 485 591 533 medius
604 498 633 533 se
644 485 759 550 porrigit
770 484 857 534 undas

119 555 172 602 400
185 554 287 604 Inferni
299 555 445 620 superique
457 554 552 602 maris:
566 553 704 619 collesque
716 558 846 602 coercent

182 623 255 674 llinc
268 621 413 689 Tyrrhena
423 621 493 671 vado
506 620 663 687 frangentes
675 637 795 689 aequora
807 622 899 678 Pisae.

182 692 258 742 lllinc
271 692 432 742 Dalmaticis
444 690 564 740 obnoxia
574 689 700 740 lluctibus
711 693 813 741 Ancon.

182 760 317 812 Fontibus
330 759 373 808 hic
385 764 468 809 vastrs
478 760 625 809 immensos
638 761 757 826 concipit
769 775 872 822 amnes,

183 830 360 896 Fluminaque
371 829 399 877 in
411 829 512 895 gemini
523 830 628 895 spargit
639 828 756 879 divortia
765 830 850 895 ponti.

121 898 173 948 405
185 898 335 948 Inlaesum
347 897 471 948 cecidere
484 897 563 959 latus,
576 897 709 965 veloxque
720 899 872 960 Metaurus,

184 968 421 1035 Crustumiumque
431 981 526 1033 rapax,
539 972 567 1016 et
576 967 684 1018 iunctus
696 965 775 1033 Sapis
786 969 891 1031 Isaura,

185 1035 319 1105 Senaque,
332 1043 360 1088 et
369 1035 500 1087 Adriacas
512 1037 557 1103 qui
565 1036 694 1087 verberat
704 1036 815 1087 Aufidus
825 1037 930 1089 undass

185 1107 299 1175 Quoque
310 1108 397 1174 magis
407 1105 509 1157 nullum
520 1105 600 1157 tellus
611 1122 640 1157 se
652 1106 732 1157 solvit
741 1107 770 1157 in
781 1120 898 1169 amnem,

183 1175 328 1238 Eridanus,
340 1175 444 1227 fractas
456 1175 575 1227 devolvit
584 1177 611 1226 in
624 1190 745 1244 aequora
755 1176 846 1238 silvas,

122 1246 174 1294 440
185 1246 403 1313 Hesperiamque
425 1243 552 1297 exhaurit
577 1247 663 1314 aquis.
711 1246 790 1296 Hunc
816 1244 911 1296 fabula

599 1330 715 1381 prrmum

182 1383 306 1450 Populea
316 1382 427 1435 fluvium
439 1385 513 1449 ripas
523 1383 665 1436 umbrasse
677 1399 794 1436 corona:

183 1454 317 1520 Cumque,
335 1453 406 1503 diem
422 1468 538 1518 pronum
549 1458 706 1505 transverso
717 1453 802 1504 limite
815 1452 928 1519 ducens,

184 1520 332 1572 Succendit
342 1518 486 1572 Phaethon
498 1520 677 1589 flagrantibus
688 1519 802 1574 aethera
811 1523 887 1587 loris,

185 1590 344 1657 Gurgitibus
356 1592 441 1657 raptis
453 1591 561 1656 penitus
572 1590 668 1642 tellure
680 1598 800 1658 perusta,

121 1659 173 1709 415
186 1660 267 1710 llunc
278 1658 405 1710 habuisse
417 1675 497 1725 pares
509 1657 644 1710 Phoebeis
655 1661 763 1727 ignibus
774 1662 870 1714 undas.

184 1729 246 1780 Non
257 1730 346 1779 rninor
356 1727 400 1779 hic
413 1728 484 1791 Nilo,
496 1729 519 1780 si
530 1743 585 1779 non
596 1745 646 1795 per
657 1730 739 1795 plana
749 1731 866 1783 incentis

183 1800 301 1866 Aegypti
312 1798 434 1864 Libycas
446 1797 523 1849 Nilus
534 1805 677 1866 stagnaret
688 1815 794 1853 arenas.

183 1867 242 1919 Nec
261 1869 349 1918 minor
371 1866 415 1918 hic
435 1869 522 1930 lstro,
543 1869 596 1918 nisi
612 1869 697 1936 quod,
719 1869 783 1921 dum
802 1877 929 1941 permeat

600 1940 694 1990 orbem

183 2009 263 2070 lster,
276 2022 389 2058 casuros
398 2008 425 2058 in
438 2006 575 2074 quaehbet
586 2023 708 2076 aequora
718 2009 808 2062 fontes

122 2078 175 2126 420
186 2079 305 2143 Accipit3
318 2081 346 2127 et
357 2075 503 2143 Scythicas
516 2078 572 2128 exit
582 2095 637 2129 non
648 2079 722 2132 solus
732 2083 760 2131 in
771 2081 864 2130 undas.

185 2147 352 2198 Dexteriora
363 2154 459 2213 petens
471 2148 571 2198 montis
584 2148 700 2200 declivia
711 2148 824 2214 Tybrim

106 2272 111 2283 ,
184 2218 264 2268 Unda
274 2215 350 2278 facit,
366 2215 558 2284 Rutubamque
570 2234 674 2269 cavum.
710 2214 852 2267 Delabitur
861 2211 925 2262 inde

184 2286 388 2353 Volturnusque
400 2287 485 2349 celer,
504 2293 709 2352 nocturnaeque
719 2285 808 2335 editor
823 2296 906 2332 aurae

185 2355 297 2418 Sarnus,
309 2362 337 2406 et
348 2355 494 2408 umbrosae
504 2355 577 2406 Liris
588 2370 638 2423 per
648 2368 732 2420 regna
741 2352 863 2403 Maricae

123 2425 175 2475 425
188 2425 307 2477 Vestinis
318 2426 449 2491 impulsus
461 2427 546 2492 aquis,
557 2424 710 2488 radensque
723 2421 828 2476 Salerni

186 2495 265 2544 Culta
276 2492 354 2556 Siler,
366 2495 507 2562 nullasque
518 2494 589 2543 vado
602 2493 646 2560 qui
658 2491 755 2542 Macra
765 2500 890 2544 moratus

184 2564 274 2624 Aluos,
286 2565 391 2615 vicinae
402 2564 537 2631 percurrit
547 2564 574 2613 in
585 2577 706 2630 aequora
716 2562 821 2614 Lunae.

121 2662 129 2700 i
184 2631 308 2698 Longior·
318 2634 417 2684 educto
430 2650 483 2701 qua
493 2633 581 2699 surgit
590 2633 618 2681 in
629 2647 695 2683 aera
705 2633 797 2695 dorso,

140 2734 143 2739 -
186 2700 292 2752 Gallica
302 2718 367 2753 rura
376 2704 459 2766 videt,
472 2703 645 2769 devexasque
657 2703 755 2770 aspicit
765 2702 855 2770 Alpes.
941 2768 945 2774 Ι
