1956 3106
156 127 206 177 176
328 86 501 176 MTANN.
537 127 719 181 LUCANI

156 251 229 303 Fata
245 260 350 302 irrorent
370 250 476 312 Medos,
502 252 665 314 multumque
681 248 710 299 iu
730 259 814 317 gente
835 252 894 303 deo·

607 325 727 370 rumest.

155 389 184 440 E
211 390 307 440 undam
316 391 428 456 populos
440 387 496 438 alia
508 390 603 439 tellure
614 390 741 449 revulsos,

94 460 147 510 310
186 458 324 523 xeitosque
335 458 390 508 suis
401 457 548 508 immittam
561 457 664 508 sedilus
676 465 761 507 ortus.

159 527 236 589 Quod
245 527 268 578 si
279 543 326 579 nos
337 526 396 576 an
402 525 474 594 fides
485 537 512 577 et
524 526 640 577 tartara
646 527 755 596 fallunt

156 596 276 647 Foedera
282 612 293 656 ,·
303 596 408 663 vulgati
418 611 502 662 supra
513 597 671 647 commercia
682 594 775 646 rnundi

158 666 344 736 Naufragium
354 665 480 715 Fortuna
485 665 576 735 ferat.
588 662 648 716 Non
658 680 746 731 regna
753 664 897 729 precabor,

158 735 234 797 Quae
240 734 300 804 feci
308 751 318 793 ;
339 735 385 784 secl
394 750 493 801 retorna
499 733 595 802 feram
609 732 708 784 solatia
719 732 816 783 rnorts's

89 802 146 852 315
160 801 231 854 Orbe
241 803 332 854 iacens
344 803 410 864 alio,
423 802 492 854 nillil
502 803 606 854 liutein
617 802 735 853 membra
747 812 871 865 cruente,

156 871 206 922 Nil
215 887 333 922 socerum
339 873 441 939 fecisse
448 871 502 938 pie.
523 873 577 923 Sed
588 881 686 923 cuncta
696 873 834 923 revolvem

164 939 243 991 Vitae
249 940 318 1010 fata
330 957 417 1004 oseae,
429 957 532 1007 semper
543 940 704 992 venerabilis
713 939 763 991 illa

159 1008 240 1061 Orbis
249 1019 332 1076 parte
338 1011 402 1081 sui:
422 1020 537 1076 quantus
549 1010 688 1061 Maeotida
698 1009 800 1075 supra!

161 1077 286 1141 Quantus
297 1082 370 1144 apud
381 1079 496 1132 Tanaim
508 1088 564 1129 toto
576 1088 730 1145 conspectus
740 1077 772 1130 in
783 1081 865 1131 ortul

96 1148 148 1198 32⁰
164 1147 238 1209 Quas
249 1148 337 1216 magis
347 1149 375 1200 in
387 1158 475 1199 terras
487 1158 607 1199 nostrum
612 1147 742 1219 felicibus
754 1146 827 1198 actis

156 1218 257 1270 Nomen
269 1218 327 1269 abit
334 1255 341 1279 ,
353 1227 403 1268 aut
412 1219 480 1269 uncle
493 1219 566 1268 redit
575 1218 677 1268 maiore
689 1215 846 1283 triumpho!

154 1287 252 1349 Roma,
259 1287 448 1370 saoccoeptis:
459 1286 596 1354 quidenim
604 1286 760 1337 tibilaetius
768 1302 897 1353 amquam

154 1358 354 1409 Praestiterint
363 1356 468 1424 superi,
480 1372 574 1421 quant,
588 1356 611 1407 si
622 1354 713 1406 ciuilia
724 1353 834 1408 Partito

154 1425 246 1478 Milite
257 1427 326 1479 bella
334 1442 430 1494 geras,
442 1435 548 1476 tantam
561 1441 713 1478 contremere
720 1434 843 1492 gentem,

94 1496 144 1548 325
155 1494 198 1547 Et
208 1495 308 1548 uostris
319 1496 427 1546 miscere
438 1495 532 1545 ruatis?
551 1492 617 1546 Cam
631 1493 755 1545 Caesaris
767 1510 848 1547 arma

159 1563 333 1616 Concurrent
343 1563 448 1624 Mettis,
460 1572 509 1614 aut
520 1579 559 1614 rue
569 1564 695 1615 Fortuna
706 1580 814 1615 neeesse
825 1574 865 1616 est

158 1631 289 1693 Vindicet,
300 1641 350 1684 out
363 1630 483 1682 Crassus.
504 1630 549 1682 Sic
559 1631 646 1697 fatus,
656 1648 796 1685 murmure
808 1635 895 1687 sentit

154 1701 300 1754 Consilium
312 1702 454 1752 damasso
464 1702 552 1752 viros:
570 1718 638 1770 quos
649 1702 783 1754 Lentulus
795 1719 893 1757 omues

152 1771 269 1825 Virtutis
280 1771 395 1822 stimulis
407 1776 436 1822 et
445 1770 587 1822 nobilitate
598 1771 707 1823 dolendi

92 1841 144 1892 330
155 1841 323 1904 Praecessit,
335 1841 483 1909 dignasque
493 1841 556 1892 tulit
565 1842 648 1893 modo
661 1841 773 1894 consule
783 1857 886 1895 voesss

206 1909 311 1962 Siccine
324 1909 493 1963 Thessalicae
505 1920 618 1963 urentem
624 1913 740 1984 fregere
750 1910 879 1966 ruiuuel·

154 1979 213 2032 Una
225 1980 280 2031 tlies
292 1981 383 2032 iniuncti
394 1980 625 2052 dantnaoitfata?
641 1982 783 2033 secandam

152 2049 310 2100 Entatltiam
321 2049 354 2100 lis
365 2059 444 2102 tanta
455 2051 536 2102 datur
547 2050 559 2098 l
578 2051 650 2102 iacet
661 2067 736 2102 omne
749 2050 860 2104 cruenti

159 2118 282 2170 lsulneris
294 2119 445 2171 auxilium?
463 2122 531 2170 solos
543 2119 607 2181 tili,
620 2119 734 2188 Magne,
747 2120 863 2187 reliquit

92 2186 897 2261 335Parthoruml'ortuaapecles?Quid‚transfugamuutlt'.

155 2258 302 2309 Terrarum
311 2268 387 2309 notos
396 2266 502 2310 tractus
513 2261 663 2324 coelumque
670 2275 795 2325 perosas,

151 2326 332 2390 Adversosque
339 2330 416 2394 polos
427 2327 566 2397 alienaque
577 2329 665 2379 sidera
677 2327 795 2394 quaeris,

152 2394 302 2447 Chaldaeos
314 2399 420 2449 culture
431 2398 505 2459 eleos,
518 2408 545 2449 et
557 2397 674 2449 barbara
685 2413 774 2460 sacra,

151 2465 320 2517 Parthorum
340 2467 482 2536 famulus?
516 2466 588 2530 Quitl
611 2483 708 2519 caussa
735 2467 894 2523 obtenditur

627 2553 710 2588 orntts

90 2600 141 2651 340
153 2601 305 2656 Libertatis
316 2607 410 2657 amor?
428 2604 558 2657 Miserum
569 2604 635 2672 quill
642 2607 744 2675 decipis
754 2606 857 2671 orbem,

156 2669 186 2720 st
198 2675 402 2740 seruirepotes?
422 2676 473 2738 Te,
484 2692 559 2745 quem
570 2674 694 2729 llotuaua
706 2686 848 2746 regentem
