1956 3106
151 161 202 209 220
326 157 365 207 M.
401 156 500 206 ANN.
537 155 718 208 Lucan}

152 279 181 331 Si
193 279 252 346 quis
263 277 370 327 donatis
381 276 445 327 lusit
455 275 625 342 serpentibus
635 276 733 327 infans.

152 349 211 399 Noc
222 348 309 398 solum
321 362 388 414 gens
397 346 445 396 illa
455 361 504 395 sua
516 352 646 396 contenta
656 346 758 396 saluto:

89 417 141 468 910
151 416 279 469 Excubat
289 414 451 481 hospitibus,
463 422 612 481 contraque
623 416 752 466 nocentia
761 419 891 469 monstra

150 486 259 553 Psyllus
272 486 349 535 adest
360 483 474 551 populis.
495 484 556 545 Qui,
568 490 634 534 tirno
640 484 763 535 Romana
773 490 888 536 secutus

152 555 244 624 Signa,
256 553 335 605 simul
343 553 423 603 iussit
433 554 517 602 statui
527 555 646 603 tentoria
656 553 763 617 ductor,

151 627 281 686 Primum,
293 637 359 689 quas
370 621 433 670 ralli
444 622 561 685 spatium
575 623 753 688 comprendit,
767 636 865 675 menas

150 695 294 760 Expurgat
305 696 388 741 cautu
396 690 539 757 verbisque
549 689 706 758 fugantibus
717 707 828 758 angues.

91 762 142 813 915
151 763 253 814 Ultima
264 766 416 810 castrorum
427 759 578 809 uindicatus
590 760 687 810 circuit
696 760 775 827 ignis.

152 833 206 881 Hic
218 829 325 880 ebulum
332 828 642 895 stridet,pereg1inaque
647 828 765 896 galbana
777 829 891 893 sudant,

151 901 190 951 Et
201 899 319 948 tamarix
328 913 383 947 non
395 896 470 947 laeta
481 897 575 959 comis,
586 898 700 965 anque
713 904 816 962 costus,

151 970 189 1020 Et
199 983 324 1035 panacea
333 973 440 1033 potens,
451 973 480 1017 et
491 964 625 1016 Thessala
635 972 796 1017 centaurea:

151 1039 398 1104 Peucedanumque
410 1042 491 1086 sonat
500 1034 629 1099 flammis,
640 1037 816 1104 Erycinaque
828 1035 880 1089 tha

629 1120 702 1171 psos‚

90 1177 141 1228 9²0
152 1178 190 1227 Et
198 1176 296 1226 larices
307 1174 436 1242 fumoque
446 1189 557 1242 gravem
569 1174 741 1242 serpentibus
751 1179 836 1225 urunt

152 1247 329 1307 Abrotonum,
342 1251 370 1295 et
379 1245 460 1312 longe
474 1244 611 1294 nascentis
622 1242 726 1294 cornua
737 1244 819 1293 cerri·

151 1315 197 1365 Sic
208 1329 263 1364 nox
274 1320 335 1364 tuta
344 1315 417 1364 viris.
435 1315 471 1363 At
481 1314 504 1363 si
516 1314 575 1380 quis
586 1319 665 1378 poste
676 1313 774 1363 diurna

150 1386 222 1434 Fata
231 1381 324 1446 trahit,
335 1390 400 1433 tunc
413 1388 477 1433 sunt
486 1384 610 1450 magicae
620 1381 754 1433 miracula
764 1382 866 1450 gentis,

150 1453 360 1519 Psyllorumque
370 1454 466 1519 ingens
477 1457 505 1502 et
516 1454 588 1519 rapti
599 1467 692 1520 pugna
700 1452 806 1502 veneni.

91 1522 142 1574 925
155 1521 225 1572 Nam
237 1524 353 1587 primum
367 1527 443 1571 tacta
454 1521 580 1588 designat
589 1522 713 1572 membra
722 1521 816 1582 salira,

154 1592 230 1652 Quae
242 1589 352 1640 cohibet
362 1592 445 1651 virus,
458 1592 612 1657 retinetque
623 1592 650 1641 in
656 1591 767 1642 vulnere
773 1594 891 1657 pestem

152 1660 275 1711 Plurima
286 1665 343 1708 tum
354 1658 440 1708 volvit
449 1661 586 1725 spumanti
597 1661 719 1710 carmina
729 1660 824 1728 lingua
891 1660 894 1666 '

152 1731 293 1782 Murmure
307 1729 445 1790 continuo,
456 1744 507 1779 nec
517 1729 584 1779 dant
594 1730 710 1796 suspiria
720 1744 816 1780 cursus

153 1799 289 1860 Vulneris,
303 1804 350 1848 aut
360 1798 499 1848 minimum
510 1800 651 1865 patiuntur
659 1798 719 1849 fata
728 1804 832 1850 tacere.

93 1871 145 1922 930
157 1868 246 1936 Saepe
257 1868 364 1936 quidem
376 1869 460 1935 pestis
471 1869 554 1936 nigris
563 1869 667 1919 inserta
677 1868 802 1919 modullis

153 1942 310 1991 Excantata
321 1936 403 2004 fugit:
416 1939 463 1988 sed
475 1939 498 1988 si
511 1937 584 2004 quod
593 1939 698 1989 tardius
710 1937 786 1988 audit

154 2010 250 2069 Virus,
263 2013 291 2057 ct
301 2006 430 2068 elicitum,
441 2009 597 2074 iussumque
610 2009 684 2058 exire
696 2013 846 2075 repugnat3

155 2080 233 2129 Tunc
246 2076 487 2141 superincumbens
497 2077 627 2142 pallentia
636 2076 748 2128 vulnera
757 2076 864 2139 lambit,

155 2149 210 2199 Ore
220 2160 326 2197 venena
336 2142 457 2208 trahens,
469 2152 497 2196 et
508 2147 595 2196 siccat
606 2147 731 2197 dentibus
743 2151 827 2207 artus,

94 2217 145 2268 935
156 2219 372 2281 Extractamque
394 2220 489 2267 tenens
510 2216 601 2283 gelido
626 2217 660 2267 de
680 2230 796 2283 corpore
819 2230 896 2267 mor·

631 2292 687 2336 tem

155 2355 284 2420 Exspuit:
304 2359 332 2404 et
345 2355 421 2405 cuius
432 2369 539 2405 morsus
552 2356 722 2419 superaverit
733 2355 840 2422 anguis,

154 2425 213 2473 lam
225 2430 363 2490 promtum
373 2423 473 2488 Psyllis
484 2424 527 2474 vel
538 2429 620 2492 gustu
630 2439 709 2475 nosse
722 2425 829 2476 veneni.

114 2518 117 2525 ·
155 2493 219 2543 Hoc
229 2494 313 2560 igitur
324 2493 422 2543 melior
432 2493 544 2543 tandem
556 2492 679 2543 Romana
689 2493 816 2546 iuventus

154 2562 270 2623 Auxilio,
282 2562 338 2613 late
349 2561 536 2630 squalentibus
548 2564 660 2613 erratio
672 2562 752 2614 arvis.

95 2632 145 2681 940
158 2631 205 2682 Bis
216 2631 311 2696 positis
323 2630 436 2683 Phoebe
448 2631 576 2693 flammis,
588 2631 630 2682 bis
639 2631 701 2683 luce
710 2636 826 2698 recepta

156 2700 234 2752 Vidit
243 2703 418 2768 arenivagum
429 2717 543 2770 surgens
553 2701 713 2769 fugiensque
725 2703 869 2754 Catonem.
