1956 3106
145 184 179 235 ee
244 157 246 163 ’
316 185 353 234 Μ.
389 182 708 286 ANN.·LUCAN1-

146 305 236 354 Terra
246 302 297 353 luit
307 303 430 352 domino:
444 318 497 369 qua
507 308 569 352 sunt
579 302 735 370 longissima
745 317 838 370 regna,

148 373 263 423 Cardine
275 372 308 422 ab
321 371 435 422 occiduo
447 372 548 420 doinus
562 371 683 422 Gadibus
694 371 767 421 Atlas

147 443 303 492 Terminat:
314 440 427 491 amedio
440 440 553 490 confinis
565 438 693 505 Syrtibus·
701 441 847 490 Hourmon.

148 513 182 561 At
193 526 246 577 qua
255 510 311 560 lata
320 510 393 559 iacet
403 509 472 558 vasti
483 508 564 576 plaga
574 507 678 559 fervida
688 511 772 575 regni,

89 580 139 630 615
149 579 268 630 Distinet
280 579 427 639 Oceanum,
439 592 580 644 zonaeque
590 584 686 628 exusta
697 577 809 628 calentis

150 645 293 698 Sufficiunt
302 648 400 712 spatio.
428 646 526 712 Populi
535 652 579 697 tot
590 652 681 697 castra
693 650 857 712 sequuntur:

149 716 297 776 Autololes,
308 714 494 781 Numidaeque
506 716 575 782 vagi,
588 730 748 782 semperque
758 721 870 780 pasatus

149 786 253 835 luoulto
267 784 398 835 Gaetulus
410 800 493 850 equo:
505 791 570 833 tuno
581 784 710 834 concolor
721 784 797 834 lndo·

149 855 353 918 Maurus,inops
360 852 505 914 Nasamon,
512 853 590 903 mixti
596 852 881 917 Garamanteperusto

92 924 141 974 6811
153 923 335 973 Marmaridae
346 922 479 982 volueres,
492 928 709 988 aequaturusque
721 923 839 988 sagittas

150 991 302 1052 Medorum,
313 991 457 1042 tremulum
471 1006 531 1041 curn
543 991 624 1041 torsit
634 991 743 1050 missile,
756 989 871 1039 Mazara·

151 1062 188 1111 Et
197 1075 272 1127 gens,
284 1076 353 1127 quae
364 1060 435 1110 nudo
445 1060 567 1111 residens
577 1061 710 1124 Massylia
720 1060 801 1109 dorso

152 1131 208 1179 0ra
217 1129 269 1180 levi
280 1129 366 1180 flectit
376 1128 513 1180 frenorum
524 1130 617 1179 nescia
627 1131 716 1196 uirga:

151 1199 188 1249 Et
198 1197 293 1250 solitus
304 1199 396 1248 vacuis
407 1213 499 1248 errare
508 1198 659 1263 mapalibus
669 1195 735 1247 Afer

92 1269 142 1320 685
153 1268 284 1329 Venator,
296 1266 414 1334 ferrique
427 1268 506 1316 simul
517 1267 617 1318 fiducia
628 1282 681 1318 non
693 1272 752 1326 est,-

151 1337 280 1388 Vestibus
290 1337 376 1387 iratos
386 1337 454 1386 laxis
466 1337 572 1402 operire
582 1336 682 1387 leones:

202 1404 226 1455 N
229 1420 260 1455 eo
271 1405 359 1455 solum
369 1404 465 1454 studiis
477 1404 598 1454 civilibus
609 1420 685 1455 arma
696 1404 821 1471 parabat,

152 1474 278 1523 Privatae
291 1474 339 1522 sed
350 1472 422 1522 bella
432 1472 515 1523 dabat
525 1473 595 1522 luba
603 1474 725 1524 concitus
732 1474 799 1523 irae.

151 1543 231 1592 Hunc
249 1555 369 1609 quoque,
381 1555 444 1607 quo
468 1555 582 1606 superos
603 1539 773 1609 humanaque
787 1542 890 1609 polluit·

624 1625 704 1673 anno;

90 1679 141 1729 690
151 1678 227 1746 Lege
237 1677 381 1727 tribunicia
393 1678 460 1729 solio
474 1678 608 1743 depellere
620 1695 731 1732 auorum

152 1748 232 1797 Cun'o
244 1752 373 1808 tentarat,
385 1747 556 1813 Libyamque
567 1747 674 1800 auferre
686 1755 821 1814 tyrannm-

150 1816 223 1866 Dum
234 1830 346 1884 regnum
357 1824 393 1879 te,
406 1817 503 1878 Roma,
512 1815 586 1867 facit.
610 1819 717 1869 Memor
725 1819 884 1871 illedoloris

150 1886 212 1935 Hoc
223 1885 323 1935 bellum
333 1888 435 1952 sceptri
445 1886 563 1936 fructum
573 1893 652 1953 putat
663 1903 721 1939 esse
733 1891 839 1940 retenti.
915 1922 919 1927 -

152 1955 213 2004 Hae
224 1956 306 2021 igitur
317 1957 389 2022 regis
401 1955 521 2022 trepidat
529 1956 584 2006 iam
595 1958 675 2008 Curio
688 1956 770 2020 fama,

93 2024 142 2076 oet
152 2024 188 2074 Et
199 2023 271 2090 quod
282 2024 422 2074 Caesareis
434 2040 580 2091 numquam
592 2026 692 2077 devota
701 2028 825 2077 iuventus

151 2093 201 2143 llla
212 2094 289 2143 nimis
302 2095 407 2156 eastris,
418 2109 468 2144 nec
479 2092 565 2144 Rheni
576 2095 652 2145 miles
657 2097 688 2144 in
701 2095 777 2145 undis

151 2163 317 2229 Exploratus
329 2170 397 2225 erat3
410 2163 511 2213 Corfini
522 2164 655 2228 captus·in
667 2178 739 2223 arce,

152 2230 306 2298 Infidusque
318 2233 393 2282 nom's
405 2230 528 2294 ducibus,
539 2232 691 2298 dubiusque
702 2229 794 2297 priori,

152 2301 355 2367 Fasutrumque
361 2306 447 2366 putat.
466 2298 886 2368 Sedpostquamlanguidaeegni

92 2370 142 2417 1110
154 2370 246 2419 Cernit
258 2376 356 2419 cuneta
368 2375 450 2430 metu,
463 2375 650 2437 nocturnaque
661 2370 752 2419 munia
764 2367 834 2418 valli·

151 2438 284 2489 Desolata
294 2437 368 2506 fuga,
379 2438 486 2504 trepida
497 2439 537 2489 sie
548 2445 638 2489 mente
649 2436 787 2504 prolatm:

201 2508 329 2558 Audendo
337 2508 655 2589 nragnastegiturts'mor:
667 2520 887 2576 amacupeuom

150 2574 211 2639 Ipse
220 2575 312 2643 prior:
324 2592 445 2644 cerepum
456 2579 530 2628 meles
541 2579 685 2630 descendat
697 2579 725 2631 in
737 2594 861 2646 aequum,

150 2641 223 2694 Dum
234 2660 305 2695 mem
317 2655 372 2696 eet:
382 2648 486 2699 variam
497 2662 599 2713 seraper
615 2649 681 2699 dant
693 2648 749 2700 otia
766 2658 885 2701 mentem.

91 2712 142 2764 ’1115
153 2711 236 2779 Eripe
247 2714 384 2765 consilium
392 2731 502 2784 pugna.-
514 2731 572 2767 rum
584 2716 644 2768 dira
655 2720 778 2769 voluntas
