1950 3218
181 136 466 188 PHARSALIA.
502 138 592 189 LIB.
620 138 672 189 lx.
743 139 793 190 ²13
852 137 855 143 ’

54 257 190 312 Auxilium
200 256 303 307 volucri
312 256 403 308 Pallas
414 257 477 307 tulit
486 256 588 307 innuba
598 255 684 319 fratri,
803 257 854 308 665

55 330 145 379 Pacta
155 332 238 391 caput
248 326 375 376 monstri:
395 332 541 393 terraeque
552 327 579 374 in
591 326 644 375 fine
654 326 790 392 Libyssae

56 399 161 448 Persea
172 393 317 446 Phoebeos
330 397 453 445 converti
464 396 544 446 iussit
555 395 589 445 ad
603 401 689 457 ortus,

61 467 119 518 Gor
140 466 198 516 onis
210 477 306 515 averso
317 463 469 515 sulcantem
479 479 565 533 regna
573 465 681 514 volatu:

60 538 96 586 Et
107 482 233 602 chypeum
243 533 337 583 laevae
347 532 421 584 fulvo
434 534 510 584 dedit
520 549 583 585 aere
594 535 736 595 nitentem,

59 607 89 655 ln
102 619 154 671 quo
166 603 307 654 saxificam
317 603 397 653 iussit
407 609 533 671 spectare
543 604 695 654 Medusam.
756 602 759 607 '
808 601 858 650 tto

61 676 147 735 Quam
159 688 243 738 sopor
254 677 393 725 aeternam
405 678 543 723 tracturus
553 679 642 725 morte
653 673 771 740 quietem

59 741 347 794 Obruithaudtotam:
367 742 463 810 vigilat
473 757 798 810 parsmagnacomarum,

59 811 270 879 Defenduntque
283 816 366 877 caput
376 812 512 877 praetenti
524 812 642 863 crinibus
650 810 745 879 hydri:

58 882 127 931 Pars
136 881 210 931 iacet
219 881 246 930 in
258 880 363 931 medios
374 881 473 943 vultus,
488 880 611 948 oculique
622 882 759 933 tenebras.

57 952 122 1016 lpsa
133 951 204 1018 regit
214 949 351 1017 trepidum
363 949 463 1010 Pallas,
476 949 625 1018 dextraque
636 957 771 1001 tremente
807 948 858 1001 616

59 1021 176 1070 Perseos
188 1022 277 1070 aversi
288 1018 429 1083 Cyllenida
440 1019 532 1086 dirigit
543 1016 655 1084 harpen,
736 1046 742 1055 ·

58 1089 132 1139 Lata
144 1088 300 1140 colubriferi
312 1103 440 1153 rumpens
453 1087 571 1138 confinia
581 1087 653 1138 colli.

61 1159 137 1219 Quos
147 1155 243 1207 hebuit
250 1157 341 1207 vultus
352 1153 457 1207 hamati
466 1155 577 1208 vulnere
587 1155 653 1207 ferri

60 1229 149 1277 Caesa
160 1232 243 1290 caput
254 1225 381 1291 Gorgon:
401 1231 503 1293 quanto
514 1227 632 1292 spirasse
643 1241 747 1277 veneno

59 1297 120 1346 Ora
131 1291 207 1342 rear!
227 1298 410 1362 quantumque
423 1294 517 1346 oculos
531 1293 670 1345 effundere
682 1293 790 1346 mortis!
810 1296 860 1346 680
939 1298 942 1303 “

57 1363 120 1416 Ν66
130 1361 221 1412 Pallas
232 1368 358 1430 spectare
369 1370 475 1431 potest:
493 1364 635 1431 vultusque
647 1365 784 1433 gelassent

58 1434 178 1484 Perseos
191 1431 305 1493 adversi,
318 1434 340 1482 si
352 1449 406 1484 non
418 1434 545 1484 Tritonia
555 1434 653 1486 densos

59 1502 214 1570 Sparsisset
224 1503 321 1564 crines,
332 1504 499 1571 texissetque
512 1519 561 1554 ora
572 1503 698 1555 colubris.

59 1571 151 1638 Aliger
161 1572 188 1620 in
201 1571 307 1623 coelum
318 1574 366 1636 sic,
378 1573 605 1642 raptaGorgone‚
616 1573 694 1642 fugit.

60 1640 108 1692 1116
121 1641 228 1707 quidem
239 1642 372 1708 pensabat
382 1646 443 1706 iter,
456 1645 622 1711 propiusque
633 1644 746 1695 secabat
809 1643 861 1693 685

59 1708 187 1770 Aethera,
201 1711 222 1760 si
234 1710 338 1761 medias
350 1713 478 1778 Europae
489 1713 628 1764 scinderet
638 1714 734 1776 urbes;

59 1779 152 1831 Pallas
164 1777 312 1845 frugiferas
320 1781 400 1829 iussit
409 1796 464 1831 non
475 1780 584 1831 laedere
596 1789 694 1843 terras,

59 1849 98 1900 Et
109 1848 185 1914 parci
196 1845 312 1913 populis.
333 1848 400 1908 Quis
412 1849 482 1898 enim
494 1865 547 1899 non
560 1855 691 1917 praepete
702 1855 780 1899 tanto

59 1916 180 1969 Aethera
190 1914 358 1982 respiceret?
388 1915 516 1983 Zephyro
529 1920 697 1969 convertitur
709 1918 774 1980 ales,

60 1988 139 2053 Itque
151 2002 233 2052 super
243 1985 360 2050 Libyen,
372 2001 450 2052 quae,
463 1987 536 2036 nullo
548 1989 654 2037 consita
666 1987 748 2049 cultu,
811 1986 862 2036 690

61 2054 201 2106 Sideribus
214 2053 381 2122 Phoeboque
392 2061 485 2105 vacat:
505 2057 605 2121 premit
616 2055 706 2106 orbita
716 2054 791 2118 solis,

60 2126 212 2192 Exuritque
223 2124 325 2174 solum:
344 2139 395 2174 nec
405 2129 480 2174 terra
491 2124 590 2174 celsior
600 2124 656 2175 ulla

59 2192 123 2245 Nox
136 2194 209 2244 cadit
217 2195 245 2244 in
257 2193 373 2255 coelum,
383 2193 516 2260 lunaeque
525 2192 660 2244 meatibus
672 2193 775 2256 obstat,

61 2262 91 2313 Si
103 2262 188 2314 ilexus
200 2263 286 2314 oblita
296 2264 357 2331 vagi
369 2278 419 2330 per
428 2268 506 2313 recta
517 2264 637 2315 cucurrit

61 2331 366 2400 Signa,necinBorean‚
377 2333 457 2383 autin
465 2331 558 2382 Noton
565 2330 799 2400 effugitumbram.
811 2326 862 2379 695

59 2401 110 2453 llla
121 2407 213 2452 tamen
224 2403 323 2454 sterilis
334 2401 423 2464 tellus,
435 2401 606 2468 fecundaque
618 2400 683 2452 nulli

60 2471 133 2522 Arra
141 2471 225 2533 bono,
237 2472 310 2524 virus
322 2472 449 2523 stillantis
460 2470 525 2523 tabe
537 2471 668 2522 Medusae

62 2540 233 2606 Concipiunt,
246 2540 373 2609 dirosque
386 2541 444 2592 iero
456 2541 490 2592 de
501 2541 633 2609 sanguine
643 2555 730 2602 rores,

62 2609 139 2670 Quos
151 2608 227 2659 calor
237 2610 347 2674 adiuvit,
360 2611 486 2679 putrique
498 2612 603 2662 incoxit
613 2624 722 2661 arenae.

61 2679 127 2742 llic,
140 2692 210 2746 quae
222 2680 309 2744 prima
322 2686 404 2746 caput
414 2681 501 2732 morit
510 2681 544 2732 de
556 2680 666 2749 pulvere
676 2678 764 2742 tabes,
810 2677 863 2726 'too
