1956 3106
153 154 203 204 me
328 150 802 220 uuuunucnnn⁸

93 271 143 322 570
155 272 345 324 lncertumeet.
361 269 476 336 Puppim
483 269 576 319 dubini
576 263 772 339 feritundiqae
774 276 887 334 pontus.

153 340 275 392 Nubibue
286 349 310 391 et
324 342 394 390 coelo
407 338 496 389 Notat
509 349 561 389 eet:
580 338 604 388 ei
613 352 752 388 murmura
758 336 840 401 ponti

155 408 331 468 Contulimus,
346 406 410 457 Cori
420 416 532 459 uerrunt
543 423 625 458 mare.
658 405 777 472 Gurgite
788 413 881 469 tanta,

152 477 207 529 Nec
216 479 287 529 rotie
297 477 443 541 Hesperiae
453 485 558 544 tanget,
568 491 617 527 nec
627 475 792 546 naufragat,
802 488 873 525 arat.

151 546 305 614 Desperare
317 546 386 595 eiam
397 554 425 595 et
434 545 532 595 aetiten
543 553 695 595 conuertere
705 559 810 606 curtat,

91 614 144 666 515
158 615 221 666 Sola
234 616 314 665 talus.
345 612 442 664 Liceat
453 623 553 664 renata
564 613 645 663 litora
653 628 744 679 puppe

153 685 299 742 Prenrlere,
312 700 342 734 ne
353 684 432 750 longe
443 681 553 732 nimium
565 681 600 731 tit
609 681 736 746 proxima
747 683 836 732 tellue.

203 753 282 802 Fisus
293 758 392 800 cuncta
403 751 454 800 sibi
467 764 577 800 cessura
587 750 709 816 pericula
718 752 829 812 Caesar,

155 821 254 885 Sperne
265 819 359 880 minae,
370 820 465 885 inquit,
473 818 577 886 pelagi,
588 828 718 884 uentoque
722 817 838 889 furenti

154 889 245 939 Trade
255 888 349 940 einum.
371 887 481 937 ltaliam
492 887 516 938 ri
526 889 597 937 coelo
608 897 718 938 auctore
728 902 849 947 recusae,

91 956 140 1007 580
156 958 200 1009 ,tte
208 967 279 1023 pete.
299 958 362 1008 Sola
373 955 422 1006 tibi
435 972 530 1008 caueto
541 956 606 1008 laec
617 966 657 1007 eet
667 956 741 1006 iusta
753 955 869 1019 timorit,

158 1025 296 1078 Vectorem
304 1041 436 1078 nonnette
448 1035 534 1088 tuum,
545 1024 888 1090 quemnuminanumqaata

151 1094 323 1154 Destituant,
335 1097 365 1146 le
376 1111 427 1161 quo
438 1098 507 1146 male
519 1105 582 1146 tunc
592 1094 716 1145 Fortuna
727 1102 857 1155 meretur,

154 1162 220 1216 Cum
229 1174 290 1230 past
300 1174 363 1215 nota
375 1165 456 1215 uenit.
476 1163 580 1214 Mediae
587 1178 733 1228 perrumpe
739 1163 887 1228 procellat,

157 1232 255 1285 Tutela
267 1250 358 1284 tooure
370 1249 436 1284 mea.
469 1232 543 1283 Coeli
554 1233 605 1282 itte
612 1230 748 1302 fretique,

90 1303 141 1354 585
154 1302 213 1355 Non
234 1303 332 1369 puppie
351 1311 474 1363 nostrae,
495 1302 571 1352 lator
590 1310 643 1351 eet:
673 1300 742 1351 lanc
755 1297 873 1351 aneare

641 1385 741 1421 remam

150 1441 174 1490 Α
178 1438 270 1505 fluctu
282 1440 405 1509 defendet
416 1455 488 1489 anua.
517 1437 572 1489 Nec
581 1386 766 1509 langrafitrori

155 1506 302 1559 Ventorum
314 1524 390 1558 eoeoa
403 1506 513 1557 (labitur
523 1524 615 1558 irrora:
630 1505 757 1573 proderit
766 1504 846 1558 uniit

151 1578 210 1627 leta
220 1578 298 1627 rotie.
328 1573 370 1625 Ne
374 1574 459 1640 flecte
470 1592 579 1627 manue.-
593 1577 667 1645 suge
677 1575 802 1644 proxima
813 1574 881 1627 velit

151 1645 262 1695 Litora:
284 1654 340 1694 tum
353 1642 468 1694 Calabro
477 1655 558 1710 portu
571 1656 597 1696 te
608 1648 684 1697 crede
693 1645 821 1712 potitum,

90 1714 140 1764 590
157 1712 223 1764 Cum
234 1713 287 1763 iam
299 1729 351 1764 non
361 1713 464 1778 poterit
472 1715 559 1781 pappi
571 1724 731 1781 nostraeque
742 1712 829 1765 saluti

151 1783 246 1833 Altera
258 1792 334 1832 terra
347 1782 417 1833 dari.
447 1782 521 1845 Quid
529 1794 609 1836 tanta
619 1794 712 1852 strage
719 1792 846 1850 paretur,

151 1851 283 1920 ignorat?
314 1849 429 1913 Quaerit
438 1854 532 1920 pelagi
542 1854 658 1920 coelique
669 1855 787 1904 tumultu

153 1919 226 1983 Quid
234 1930 356 1986 praestet
366 1921 489 1973 Fortuna
501 1922 574 1974 milei.
602 1922 662 1974 Non
673 1923 751 1988 plura
760 1921 856 1972 locuto

151 1989 254 2041 Avulsit
265 1990 381 2051 laceros,
392 2006 523 2056 percussa
532 2007 631 2059 puppe,
643 1991 771 2043 rudentes

89 2059 139 2109 595
151 2059 245 2109 Turbo
256 2073 350 2125 rapax,
363 2058 539 2128 fragilemque
546 2060 775 2128 supervolitantia
783 2057 887 2111 malum

150 2129 219 2180 Vela
229 2129 305 2179 tulit:
324 2131 415 2179 sonuit
425 2131 505 2181 victis
516 2129 691 2197 compagibus
703 2128 787 2178 alnus.

150 2198 216 2248 {nde
227 2203 309 2248 ruunt
317 2203 377 2248 toto
389 2205 522 2266 congesta
531 2198 652 2267 peniculo
664 2196 774 2247 mundo.

153 2268 259 2318 Primus
272 2267 305 2317 ab
318 2268 430 2319 Oceano
441 2274 525 2334 caput
536 2268 623 2320 exctis
636 2266 772 2326 Atlanteo,

151 2338 229 2396 Cere,
241 2351 352 2386 niovcns
365 2344 468 2387 neotus:
486 2339 578 2388 inmte
589 2336 700 2386 tollente
713 2331 825 2387 furebat

90 2404 140 2453 600
152 2406 264 2467 Pontus,
276 2407 339 2455 etin
351 2405 478 2471 scopulos
488 2410 562 2456 totus
572 2412 698 2456 erexerat
707 2402 805 2456 undae.

151 2475 278 2524 Occurn't
287 2474 391 2541 gelidus
401 2475 514 2535 Boreas,
525 2473 690 2541 pelagusque
700 2473 840 2524 retundite

150 2544 186 2593 Et
196 2543 306 2592 dubium
318 2542 427 2608 pendet,
439 2549 520 2593 vento
532 2544 575 2593 cui
585 2547 690 2608 puteat,
702 2557 814 2610 aequor.

150 2610 204 2661 Sed
216 2609 338 2676 Scythici
349 2612 415 2661 vicit
424 2610 513 2661 rabies
523 2611 669 2678 Aquilonis,
681 2617 709 2661 et
719 2610 806 2660 undae

85 2731 88 2745 2
149 2681 251 2744 'l'orsit3
263 2686 290 2730 ct
301 2679 439 2730 abstrusas
451 2681 558 2748 penitus
570 2682 641 2731 vada
652 2680 719 2730 fecit
730 2694 836 2730 menae.
