1956 3106
152 121 204 170 144
323 118 352 168 Μ
397 116 497 167 Ahh'.
534 118 714 171 titicab't

154 237 294 306 Sanguine
304 237 424 289 Botriano
435 254 513 304 quam
526 237 649 288 turbidus
659 237 711 289 ibit
723 239 863 306 Enipeus!

152 307 248 358 Prima
257 308 336 358 eelim
346 317 428 372 eaput
436 307 485 357 lroe
489 307 599 376 funesti
611 309 705 358 lancea
716 307 787 370 belli,

155 377 185 427 Si
195 375 251 426 eine
261 386 391 427 momento
401 392 491 426 rerum
500 375 641 442 partisque
650 378 731 428 ruina

157 444 289 495 Casurum
304 454 351 505 eet,
357 444 463 516 feriat:
481 447 646 511 nequeenim
656 444 771 497 uictoria
784 444 890 515 Magno

21 518 24 523 “
95 518 145 565 120
156 514 277 564 Laetior.
304 514 360 563 Ant
369 515 475 580 papalis
484 514 605 575 invitum,
617 513 669 565 leae
679 515 754 566 clade
761 526 890 581 peracta,

156 585 212 634 Aut
222 583 297 633 hodie
308 582 450 650 Pompeias
461 583 514 632 erit
524 581 674 634 miserabile
684 600 786 635 nonten.

157 652 240 703 Omne
250 654 347 702 malam
360 652 439 714 vieti,
451 653 521 717 quod
530 652 669 721 conferet
681 653 777 703 ultima
787 668 888 714 rernm,

155 721 240 774 Omne
251 721 329 790 nefas
340 721 451 772 victorie
462 720 523 771 erit.
553 718 599 770 Sic
608 720 689 782 fatur,
701 727 730 771 et
741 736 820 771 arma

152 791 291 840 Permittit
300 790 416 856 populis,
429 790 575 856 frenosque
587 789 738 841 furentibus
747 791 791 839 ira
891 844 896 849 ,

94 862 144 908 tta
155 859 259 908 Ineunt:
279 866 307 909 et
317 866 348 908 ut
360 860 447 909 victus
459 859 579 908 violento
590 860 682 909 navita
692 860 764 908 Cora

153 929 209 978 Dat
218 929 338 996 regimen
351 929 449 988 ventis,
458 929 639 995 ignavumque
650 933 709 977 ante
720 928 819 978 relicta

153 998 254 1063 Puppis
265 1014 333 1047 antis
345 995 469 1047 trahitur.
499 997 620 1062 Trepido
631 996 747 1047 connisa
752 998 871 1049 tumultu

154 1068 249 1117 Castra
260 1066 386 1129 frenrunt,
398 1066 533 1133 animique
542 1071 634 1116 truces
645 1081 695 1116 sua
702 1071 819 1132 pectora
828 1066 875 1133 pul

623 1140 685 1185 sant

153 1205 255 1255 lctibus
264 1207 384 1255 incertis.
413 1203 562 1254 Multorum
574 1204 699 1270 pallaria
710 1218 758 1254 are

92 1274 143 1324 130
155 1275 253 1323 Mortis
263 1281 393 1324 venturae
406 1279 456 1334 est,
466 1272 605 1340 faciesque
615 1272 751 1324 simillima
760 1271 829 1324 fato.

151 1343 298 1393 Advenisse
310 1344 389 1404 diem,
402 1342 447 1408 qui
457 1340 544 1392 fatum
554 1342 634 1393 rebus
644 1343 672 1391 in
683 1357 780 1391 aerum

153 1412 289 1462 Conderet
298 1410 430 1473 humanis,
442 1418 470 1460 et
481 1413 584 1476 quaeri,
594 1412 682 1462 Roma
692 1410 756 1477 quid
766 1417 850 1473 esset,

152 1480 457 1545 llloMarte,palamest.
477 1478 883 1547 Susquisquepeticulanescit,

151 1549 294 1599 Adtonitus
304 1549 408 1599 rnaiore
418 1552 500 1598 metu
532 1549 598 1608 Quis
610 1549 692 1600 litora
702 1553 786 1615 ponto

92 1618 141 1667 135
153 1618 267 1679 Obruta,
277 1619 337 1683 quis
347 1619 458 1667 summis
469 1631 582 1667 cernens
593 1619 620 1667 in
627 1618 764 1668 montibus
770 1632 884 1686 aequor,

150 1684 320 1753 Aetheraque
330 1687 357 1735 in
369 1693 465 1747 terras,
477 1686 583 1737 deiecto
595 1686 661 1748 sole,
674 1686 827 1749 cadentem,

151 1758 207 1806 'l'ot
217 1770 306 1804 rerum
318 1756 408 1817 tinem,
419 1757 515 1805 timeat
524 1754 591 1805 sibit
609 1755 669 1807 Non
682 1762 762 1807 vacat
771 1756 843 1809 ullos

150 1826 204 1875 Pro
217 1840 246 1874 se
256 1823 328 1876 ferre
339 1831 442 1875 metus:
461 1824 520 1874 urbi
531 1825 686 1892 Magnoque
696 1826 817 1877 timetur.

151 1894 208 1944 Nec
219 1894 314 1960 gladiis
326 1892 446 1944 habuere
458 1895 548 1956 sidem,
559 1895 611 1945 nisi
623 1895 747 1946 cautibus
759 1910 841 1963 asper

94 1965 140 2011 140
151 1964 262 2012 Exarsit
273 1978 376 2013 mucro.
406 1965 484 2013 Tunc
495 1965 582 2015 omnis
593 1963 688 2015 lancea
699 1978 766 2015 saxo

150 2033 284 2099 Erigitur:
303 2032 418 2082 tendunt
427 2033 516 2083 nervis
527 2033 682 2083 melioribus
695 2049 788 2084 arcus:

151 2104 222 2151 Cura
231 2100 283 2152 fuit
293 2101 371 2153 lectis
381 2099 524 2168 pharetras
538 2102 651 2169 implere
662 2103 778 2169 sagittis.

150 2170 883 2239 Augetequesstimulos,frenorumqueaptathabenas·

150 2238 177 2289 Si
190 2241 272 2291 liceat
281 2242 385 2307 superis
396 2239 533 2291 hominum
544 2240 669 2292 conferre
679 2240 797 2304 labores,

90 2309 139 2356 ¹145
152 2307 211 2358 Nan
224 2309 311 2371 aliter,
322 2308 440 2378 Phlegra
450 2309 560 2360 rabidas
571 2310 683 2360 tollente
696 2310 840 2378 Gigantas,

149 2378 264 2429 Martius
273 2378 386 2429 incaluit
397 2378 493 2429 Siculis
503 2380 646 2429 incudibus
657 2379 741 2429 ensis:

149 2449 185 2498 Et
196 2447 287 2498 rubuit
296 2447 410 2498 flammis
420 2450 517 2498 iterum
530 2447 666 2514 Neptunia
676 2449 776 2514 cuspis,

149 2515 311 2582 Spiculaque
323 2523 436 2568 extenso
447 2518 538 2567 Paean
549 2516 676 2583 Pythone
688 2520 805 2579 recoxit,
878 2574 883 2587 ¹

148 2585 238 2635 Pallas
251 2586 413 2653 Gorgoneos
424 2585 531 2636 diffudit
542 2589 569 2636 in
581 2587 678 2653 aegida
689 2588 786 2650 annes,

89 2654 137 2704 150
147 2654 293 2705 Pallenaea
302 2656 361 2707 lori
372 2656 485 2706 mutavit
495 2655 606 2707 fulmina
616 2656 734 2722 Cyclops
