1956 3106
204 170 489 222 Pflnusnhln.
525 171 616 222 LlB.
644 172 695 222 ΙΧ.
771 172 822 224 195

88 291 209 345 Ausonio
219 295 394 341 monumenta
404 295 489 350 tenes,
499 295 647 356 portusque
658 291 764 356 quietos

90 361 222 412 Testatur
231 360 321 424 Libye
332 356 455 425 Phrygio
467 358 601 424 placuisse
611 360 751 425 magistro.

90 430 162 478 Tum
172 429 267 495 procul
279 441 314 478 ex
325 426 380 476 altu
390 427 533 477 tendentes
543 426 604 477 vela
613 429 722 477 carinae
848 431 882 480 45

89 499 228 563 Ancipites
238 503 350 546 tenuere
363 497 481 556 animus,
494 497 619 546 sociosne
630 495 772 559 mulorum,

89 567 129 616 An
155 564 286 617 veherent
305 563 407 614 hostes.
435 565 573 631 Praeceps
595 564 663 615 fucit
686 579 765 618 earne
788 567 822 617 ti·

565 633 692 684 mendum

90 704 202 764 Victor,
213 709 241 752 et
252 703 279 752 in
289 701 362 751 nulla
371 716 426 752 non
439 701 559 752 creditur
571 716 631 753 esse
642 703 744 754 carina.

89 775 139 822 Ast
149 772 211 821 illue
222 785 326 836 puppes
338 771 427 821 luctus
438 770 614 836 planctusque
625 771 759 836 ferebant,

90 842 127 891 Et
137 840 210 890 mata
219 841 262 890 rel
272 840 332 890 duri
343 839 470 890 lacrimas
479 844 588 890 motura
600 841 717 893 Catenis
850 844 882 893 50

142 908 212 960 Nam
231 915 375 977 postquam
403 908 505 958 inutra
531 909 656 973 precibus
676 912 802 962 cornelia

560 983 660 1028 nautas

89 1049 261 1115 Privignique
273 1047 366 1115 fugam
377 1047 473 1105 tenuit,
484 1060 517 1094 ne
528 1044 600 1106 forte
611 1047 745 1113 repulsus,

88 1117 229 1167 Litoribus
242 1115 348 1166 Phariis
359 1119 494 1164 remearet
504 1114 531 1162 in
544 1128 664 1180 aequora
674 1121 795 1179 truncus,

89 1184 268 1250 Ostenditque
279 1199 376 1252 rugum
386 1198 439 1232 nun
449 1182 514 1232 iusti
527 1181 636 1232 flamma
647 1182 795 1250 sepulchri:

88 1255 168 1319 Ergo
179 1253 291 1319 indigna
297 1253 354 1323 fui,
366 1253 443 1312 dixit,
454 1249 592 1310 Fortuna,
606 1252 703 1303 marito
849 1257 882 1305 55

90 1321 247 1372 Accendisse
257 1337 361 1387 rugam,
369 1321 523 1388 gelidusque
535 1317 623 1386 effusa
634 1338 684 1387 per
695 1332 773 1373 artus

90 1389 245 1442 incubuisse
256 1389 331 1439 rire?
341 1392 443 1440 laceros
455 1404 567 1440 exurere
579 1389 683 1440 crines?

90 1458 264 1524 Merubraque
275 1458 388 1525 dispersi
397 1462 496 1526 pelago
508 1474 661 1524 componere
672 1458 786 1522 Magni?

95 1527 253 1579 Vulneribus
265 1528 369 1580 cunctis
381 1530 473 1596 largos
484 1527 630 1646 iqsunclere
638 1526 736 1591 fleturi

91 1596 202 1651 Ossibus
213 1608 239 1649 et
249 1599 340 1664 tepida
352 1607 435 1649 uestes
447 1598 502 1662 imp
514 1597 685 1668 erefauiliai
850 1600 883 1650 60

94 1666 232 1732 Quidquid
239 1666 272 1717 ab
284 1668 403 1718 extincte
415 1666 535 1718 licuisset
545 1670 639 1717 tallere
647 1667 733 1730 busto,

88 1736 122 1788 in
133 1736 236 1801 templis
246 1752 375 1801 sparsura
387 1739 470 1787 derisu.
491 1735 555 1786 Sine
560 1735 670 1806 funeris
680 1740 736 1787 ullo

90 1806 176 1856 Ardet
189 1804 285 1854 donare
298 1821 396 1871 rogus:
415 1821 509 1855 manus
520 1804 569 1854 iser
581 1805 823 1872 Aegyptiaforsan

91 1873 200 1926 obrodit
213 1869 333 1934 officium
343 1889 428 1938 graue
440 1871 569 1922 manibus.
590 1871 689 1924 Obene
699 1875 764 1924 nudi

92 1942 253 1991 Crassorum
266 1940 384 1991 cineres!
402 1940 531 2005 Pompeio
541 1941 658 2005 contigit
671 1941 744 2007 ignis
850 1943 884 1991 65

91 2010 199 2062 Inuidia
211 2008 312 2058 iuniore
325 2009 406 2059 deum
426 2009 561 2060 Similisne
571 2013 701 2059 malcrum

90 2078 225 2131 Sursmiin'
231 2093 332 2143 scurper
343 2077 413 2128 erit?
425 2094 568 2143 numquam
575 2079 640 2127 dure
650 2080 727 2128 irrita
733 2079 824 2129 iicebit

90 2147 275 2217 Coniugibus:
290 2162 434 2211 numquam
442 2148 537 2212 plenas
550 2149 708 2212 plangemus
727 2150 763 2197 ad
780 2164 823 2198 ur-

566 2216 634 2265 nas?

91 2286 164 2351 Quid
170 2303 252 2352 porro
264 2284 373 2337 tumulis
383 2300 449 2351 opus
460 2293 508 2344 est,
519 2293 568 2334 aut
580 2287 635 2334 ullu
648 2284 763 2350 requiris

88 2356 283 2416 Instrumenta,
298 2354 394 2406 daim?
415 2354 473 2405 Nun
486 2361 542 2403 totu
551 2363 659 2419 pectore
668 2364 764 2420 partas
852 2358 886 2404 ῖθ

90 2426 180 2489 Impia
194 2425 370 2491 Perrepeium?
380 2441 433 2475 non
443 2422 504 2473 imis
515 2422 608 2473 haeret
619 2422 710 2487 imago

96 2492 269 2545 Visceribus!
288 2494 411 2554 Qrcaerat
422 2492 524 2543 cineres
533 2492 639 2542 uictura
651 2503 794 2559 superstes.

89 2562 170 2615 Nune
180 2573 279 2622 rumen,
291 2563 353 2613 irinc
366 2566 446 2627 iunge
458 2562 505 2626 qui
511 2562 609 2630 fuiget
619 2565 676 2612 iure
688 2563 808 2623 nisaeus

88 2633 182 2694 ienis,
193 2633 281 2683 adduc
291 2633 409 2698 aliquid,
421 2631 527 2683 Phario
541 2632 571 2681 ds
582 2631 662 2681 (itare
673 2648 795 2697 surgens,

88 2698 219 2754 Ostendit
231 2701 305 2765 midi,
317 2702 425 2771 Magne,
437 2700 487 2752 tui.
507 2699 684 2820 Iamflarqqrqr
696 2701 805 2760 resedit,
851 2699 886 2749 ‘15
