1950 3218
208 108 704 163 PHARSALIA.LIB.V1.
776 111 828 163 117
888 110 890 116 ’

90 230 241 281 contentus
253 228 342 295 fragili
355 228 459 278 subitos
471 226 603 276 adtollere
615 242 715 291 muros,

89 300 217 365 Ingentes
230 304 333 357 cautes,
347 297 492 363 avulsaque
506 309 574 346 saxa
585 296 711 359 metallis,

91 365 827 434 Graiorumquedomos,direptaquemoeniatransfert.
856 367 889 416 35

89 437 256 498 Exstnritur,
268 435 341 502 quod
350 449 404 484 non
418 435 488 484 aries
497 434 637 500 impellere
649 449 755 495 saevus,

92 506 172 567 Quod
181 520 236 556 non
248 506 302 554 ulla
314 508 396 571 queat
405 502 518 553 violenti
527 501 654 553 machina
663 504 736 554 belli.

89 577 265 642 Franguntur
277 579 391 634 montes,
403 572 566 639 planumque
577 573 723 638 perardua
734 573 836 624 Caesar

90 646 176 696 Ducit
186 659 268 710 opus:
287 643 382 709 pandit
393 641 491 703 fossas,
503 643 655 709 turritaque
666 643 777 693 summis

90 713 220 780 Disponit
231 712 343 763 castella
352 713 600 779 iugis,magnoque
611 727 723 763 recursu
855 713 889 761 4⁰

90 783 238 849 Amplexus
249 781 329 844 fines,
341 780 441 842 saltus,
452 795 650 848 nemorosaque
660 787 767 849 tesqua,

57 864 60 868 ·
90 854 128 903 Et
139 851 234 912 silvas,
247 857 391 918 vastasque
403 849 476 899 feras
487 849 614 916 indagine
626 851 736 901 claudit.

89 921 153 975 Non
165 920 262 971 desunt
274 921 373 986 campi,
384 933 439 969 non
445 918 543 969 desunt
554 919 653 984 pabula
662 921 774 988 Magno,

91 993 242 1058 castraque
254 992 390 1040 Caesareo
405 987 588 1037 circumdatus
600 1003 700 1054 aggere
711 994 809 1039 mutat.

89 1060 216 1115 Flumina
226 1065 270 1110 tot
282 1075 378 1109 cursus
387 1057 443 1108 illie
454 1062 552 1107 exorta
562 1055 688 1123 fatigant,
853 1056 889 1108 15

89 1130 149 1182 lllic
161 1144 252 1179 mersa
263 1143 340 1178 suos:
361 1139 527 1193 operumque
538 1131 570 1175 ut
579 1141 685 1176 summa
695 1127 805 1189 revisat,

89 1198 224 1251 Defessus
237 1199 339 1247 Caesar
348 1196 444 1246 modiis
455 1197 620 1245 intermanet
631 1197 711 1263 agris.

89 1270 171 1323 Nunc
182 1274 260 1316 vetus
273 1265 371 1316 lliacos
383 1265 498 1315 adtollat
508 1263 602 1321 fabula
611 1281 713 1330 muros,

89 1337 289 1403 Adscribatque
300 1335 370 1386 deis:
389 1334 478 1402 fragili
489 1334 658 1386 circumdata
668 1342 740 1388 testa

89 1407 203 1460 Moenia
213 1407 345 1456 mirentur
354 1403 442 1472 refugi
453 1404 607 1470 Babylonia
618 1405 722 1458 Parthi.
854 1408 889 1462 50

90 1476 389 1543 En,quantumTigris,
398 1475 699 1542 quantumcelerambit
708 1477 836 1532 Orontes.

40 1590 44 1595 .
94 1548 210 1612 Assyriis
223 1551 352 1613 quantum
364 1545 472 1611 populis
482 1545 586 1597 telluris
598 1546 675 1597 ane

92 1614 201 1667 Sufficit
210 1616 237 1665 in
249 1631 369 1682 regnum,
382 1614 500 1664 subitum
511 1615 628 1683 bellique
640 1618 756 1669 tumultu

91 1685 211 1751 Raptum
225 1684 322 1734 clausit
333 1700 409 1750 opus.
440 1686 524 1734 Tanti
534 1687 640 1750 periere
651 1685 769 1738 labores.

92 1757 150 1806 Tot
160 1760 274 1820 potuere
284 1770 380 1803 manus
392 1753 539 1820 adiungere
549 1752 648 1805 Seston
657 1756 764 1821 Abydo,
858 1754 892 1808 55

91 1826 258 1892 Ingestoque
269 1824 327 1873 solo
340 1821 495 1887 Phryxeum
508 1823 609 1873 elidere
620 1831 743 1889 pontum,

92 1897 146 1945 „Aut
157 1893 267 1959 Pelopis
277 1892 340 1942 latis
350 1889 480 1957 Ephyren
495 1892 656 1958 abrumpere
668 1896 767 1962 regnis,

92 1965 131 2014 Et
141 1963 245 2013 ratibus
255 1962 354 2028 longae
366 1959 452 2010 flexus
464 1960 566 2012 donare
576 1962 693 2025 Maleae,

93 2035 148 2084 Aut
159 2031 275 2099 aliquem
287 2029 388 2091 mundi,
400 2031 523 2096 quamvis
533 2034 632 2080 natura
642 2040 779 2097 negasset,

94 2099 459 2153 lnmeliusmutorelooum.
491 2098 713 2149 coitareabelli:
859 2102 893 2154 60

95 2172 148 2223 Hic
160 2171 241 2222 alitrrr
251 2169 361 2236 sanguis
372 2173 461 2217 tenos
472 2164 593 2217 fluxurus
603 2168 630 2217 in
642 2184 749 2219 omnes:

94 2241 149 2293 llic
159 2247 188 2292 et
196 2237 373 2291 Thessalicae
385 2235 486 2297 clades,
497 2234 676 2304 Libycaeque
688 2244 823 2290 tenentur.

93 2314 209 2361 Aestuat
220 2312 337 2376 angusta
348 2306 437 2356 rabies
450 2305 535 2354 civilis
547 2320 637 2356 arnna.

94 2380 188 2431 Prima
198 2378 306 2446 quidem
316 2391 430 2443 surgens
443 2389 555 2441 operum
568 2383 706 2427 structura
717 2377 815 2430 fefellit

95 2449 269 2517 Pompeium:
287 2447 369 2497 veluti
381 2445 488 2495 mediae
500 2445 546 2512 qui
556 2451 632 2496 tutus
642 2447 670 2497 in
680 2448 750 2498 arvis
858 2451 892 2503 65

95 2518 220 2571 Sicaniae
231 2515 354 2568 rabidum
367 2515 454 2566 nescit
462 2513 564 2567 latrare
575 2515 718 2568 Pelorum:

93 2590 148 2639 Aut
157 2602 295 2655 rngacum
308 2583 424 2651 Tethys,
432 2584 833 2653 Rutupinaquelitorafervent,

96 2656 175 2709 Unda
185 2653 347 2707 Caledonios
360 2652 429 2704 fallit
439 2653 551 2708 turbata
560 2655 715 2709 Britannos.
