1956 3106
153 150 204 201 148
265 154 268 158 '
329 150 367 199 M.
404 147 505 199 ANN.
541 144 723 198 Luctus

153 267 230 320 Haeo
241 277 281 319 est
290 267 340 319 iiia
353 267 417 327 dies,
429 265 496 317 mibi
506 281 587 330 quam
597 263 744 316 Rubiconis
762 265 800 314 arb
808 266 874 319 undo

93 339 143 389 255
155 338 320 390 Promissum
331 336 447 397 memini,
459 335 534 386 euius
545 350 589 400 spe
600 334 726 385 mouimus
736 350 826 396 arssso,

153 408 187 460 In
198 425 276 474 qstarn
288 407 441 458 distulimus
452 404 549 455 vetitos
560 420 679 455 remeare
689 402 850 470 triurnpbos.

155 478 233 528 Haeo
249 478 342 528 eadem
356 485 409 536 est,
432 473 509 525 bodie
531 489 599 542 quae
617 472 752 543 pignera,
773 489 874 540 qssoeqo

647 552 737 595 enatos

156 614 270 672 uersus,
282 622 308 664 et
319 612 531 682 emeritofociut
541 628 585 662 vos
629 622 690 663 arte
701 614 816 664 colonos.

156 683 241 745 Haeo,
247 683 312 752 fato
326 700 393 750 quae
405 682 583 748 testeprobet,
594 681 652 746 quis
664 680 763 732 iustius
773 697 852 732 arma

96 754 145 804 260
160 751 308 802 Sumserit:
319 752 384 803 bueo
395 752 466 803 acies
475 751 695 820 uirtusssfaeturu
703 759 873 802 nocentemes

157 821 188 872 ss·
197 836 247 885 pro
258 837 298 871 sae
307 822 430 888 patriam
442 820 517 884 ferro
523 819 697 888 flunsnsisque
705 819 826 886 petistis,

157 889 235 941 Nuus
241 901 375 959 pugnate,
388 899 486 950 truces,
496 889 656 958 glariiosque
664 887 794 940 exsoluite
805 892 874 958 subtr

157 957 241 1011 Nulla
251 977 354 1021 munus,
367 959 427 1011 belli
437 969 543 1010 mutato
554 958 650 1020 iudice,
660 975 732 1025 pura
745 968 793 1010 est.

157 1034 216 1083 Non
228 1029 294 1080 mibi
303 1046 345 1081 res
356 1030 461 1098 agitat,
471 1030 518 1079 sed
527 1045 572 1080 uos
582 1038 613 1079 ut
624 1028 707 1079 bibe-ru
720 1028 783 1079 sitis

99 1099 148 1148 265
164 1099 265 1160 Turba,
272 1115 381 1166 precor,
389 1108 485 1168 gentes
496 1107 524 1148 ut
538 1098 580 1148 ius
591 1097 712 1149 babeatis
723 1097 752 1149 in
764 1113 862 1150 omnes.

156 1170 216 1235 ipse
228 1186 276 1236 ego
284 1169 414 1235 priuatae
425 1168 537 1234 eupitius
549 1184 588 1218 me
599 1168 708 1218 reddere
719 1167 802 1227 vitae,

157 1238 315 1303 Plebeiaque
327 1249 393 1304 toga
405 1238 537 1289 sstodiouns
550 1252 705 1305 componere
717 1237 815 1288 ciuem:

160 1307 262 1360 Omnia
274 1309 335 1360 dum
356 1306 429 1359 uobis
442 1307 550 1368 liceant,
561 1307 601 1359 nil
612 1321 665 1358 esse
676 1322 779 1359 recuso.

156 1376 263 1428 Inuidia
273 1388 386 1448 regnate
396 1393 462 1428 meu.
493 1375 521 1426 N
522 1393 550 1427 ee
560 1374 691 1445 sanguiue
703 1378 786 1427 inulto

95 1447 145 1494 2¹10
159 1447 236 1512 Spem
248 1448 340 1498 mundi
349 1447 460 1512 petitis:
485 1446 579 1497 Graiis
591 1447 695 1496 deiecta
706 1444 832 1497 iuuentus

159 1515 311 1583 Gymnasiis
320 1516 417 1576 aderit,
430 1515 570 1580 stasiioque
582 1515 681 1583 ignaua
688 1517 856 1582 palaestrae,

154 1585 195 1634 Et
206 1584 252 1634 uix
264 1585 452 1653 orsnoferens,
465 1593 489 1634 et
503 1585 603 1636 usixtae
614 1584 720 1636 dissona
732 1583 828 1636 turbae

156 1651 301 1702 Barbaries
308 1670 318 1712 ;
337 1670 389 1704 nrm
401 1653 449 1705 itta
461 1653 550 1715 tubas,
562 1672 614 1706 non
625 1652 732 1723 egessisse
744 1664 816 1706 moto

157 1719 306 1773 Clamorem
318 1723 411 1773 latura
424 1739 508 1773 suum.
541 1721 640 1773 Civilia
648 1740 755 1791 pausae

94 1791 144 1840 275
156 1789 234 1842 Belia
247 1807 342 1844 manus
349 1793 477 1862 facient:
494 1809 603 1862 pugnae
611 1809 678 1859 pars
686 1810 787 1862 magna
798 1793 874 1847 leoab·

154 1859 207 1910 His
218 1861 306 1912 orbem
314 1863 431 1929 populis,
443 1861 644 1929 Ransanumque
656 1863 757 1914 obteret
767 1862 874 1918 bostem.

153 1929 196 1980 Ite
203 1947 255 1996 per
266 1931 381 1999 ignavas
389 1943 496 2001 gentes,
503 1933 666 2002 famosaque
678 1951 772 2002 regna,

154 1997 194 2048 Et
200 2000 374 2070 primoferri
387 2012 460 2053 motu
468 2002 633 2068 prosternite
645 2005 789 2055 mundum.-

155 2068 249 2135 Sitque
257 2073 362 2135 palam,
375 2088 440 2138 qssas
451 2081 493 2123 tot
504 2073 583 2123 sisinii
594 2072 741 2139 Pompeius
752 2073 782 2125 iu
793 2074 874 2127 urben

95 2138 145 2188 280
161 2135 300 2201 Curribus,
312 2141 392 2192 unius
400 2151 496 2209 geistes
509 2159 560 2193 nass
574 2158 627 2193 esse
640 2141 779 2209 trisunpbi.

155 2207 328 2262 Armeniosne
340 2220 433 2272 mouet,
445 2209 569 2263 Ronsana
576 2211 699 2278 potentia
712 2211 789 2263 euius

154 2275 198 2327 Sit
217 2278 309 2329 risseio?
337 2290 385 2331 urst
408 2291 524 2347 emptum
546 2281 654 2334 minimo
676 2283 734 2333 nult
759 2282 874 2352 sanguin

628 2351 768 2417 qaisquam

150 2414 306 2477 Barbarus,
323 2417 463 2486 Hesperiis
475 2416 607 2488 Magnum
615 2435 784 2488 praeponere
795 2420 874 2475 retas

151 2484 286 2539 Romanos
298 2488 375 2540 odere
386 2504 482 2550 omnes,
495 2489 664 2555 dominosque
671 2498 841 2557 gravantur,

91 2553 141 2602 285
155 2553 226 2615 Qum
236 2573 340 2619 novere,
352 2557 448 2626 magis.
480 2557 533 2610 Sed
542 2575 581 2611 me
592 2559 715 2612 Fortuna
727 2575 846 2612 meorum

153 2621 292 2677 Commisit
303 2627 431 2683 inanibus.
445 2645 558 2695 quoram
570 2645 610 2679 me
625 2629 718 2681 Gallia
730 2639 825 2682 testem

160 2693 213 2745 Tot
223 2695 290 2760 fecit
303 2697 387 2749 bellis.
419 2696 503 2749 Caius
514 2716 565 2750 non
577 2698 672 2752 militis
682 2715 768 2757 ensem
