1956 3106
181 197 215 246 24
353 197 391 246 M.
427 195 527 247 ANN.
563 196 742 247 LUCANI

137 300 173 350 40
183 298 223 350 Et
233 299 341 349 eunomio
352 308 457 360 seruate
468 299 560 351 malie:
571 297 716 366 nuncflere
725 310 855 366 potestne,

180 368 253 419 Duru
263 369 361 435 pendet
365 368 485 439 fortuna
497 370 606 419 ducum:
625 385 704 435 quum
715 370 810 420 vicerit
821 374 902 435 alter,

183 437 359 490 Gaudendum
367 447 413 488 ert.
424 438 474 488 His
482 453 511 504 ee
516 438 631 488 stimulis
642 437 719 488 dolor
730 439 787 505 ipse
797 440 908 492 lacessit

226 506 349 557 Necnon
360 505 431 557 bella
440 508 489 556 viri
501 507 659 574 diversaque
672 513 763 557 castra
774 515 898 573 petentes

180 576 329 627 Effundunt
339 577 424 625 iustas
433 577 461 624 in
473 577 583 625 numina
592 591 675 626 saeva
684 575 819 643 querelas:
831 623 833 627 ,

135 646 170 696 45
184 643 332 696 Orniterae
345 644 434 704 tortia,
446 645 516 707 quod
524 661 575 695 non
586 644 614 694 iu
626 645 732 696 Punica
744 646 804 696 nati

183 713 325 779 Tempora,
336 711 489 764 Cannarum
494 711 602 782 fuirnue
613 711 775 779 Trebiaeque
786 713 916 766 iurentur.

181 783 239 834 Non
245 797 340 848 pacem
347 781 473 846 petimur,
485 781 575 847 superi
580 800 588 830 .·
601 783 665 832 date
671 783 798 849 gentibue
809 783 881 832 irae:

180 850 257 903 Nune
267 851 345 901 arbee
356 850 443 901 excite
448 851 544 921 feroc:
557 851 677 901 coniuret
688 851 715 902 in
728 867 805 902 artua

179 919 311 971 Mundae:
329 918 514 971 ,Achaemeniis
526 919 671 970 decurrant
685 919 792 971 Medion
804 920 880 972 Seteia

135 990 168 1038 50
182 988 313 1055 Agmina:
325 987 495 1056 Massageten
507 987 647 1058 Scythicae
658 1006 709 1041 nen
721 989 823 1058 adliget
835 991 916 1042 Ister:

123 1070 126 1075 ·
179 1059 293 1110 Fundat
306 1058 338 1109 ab
351 1067 469 1109 extremo
478 1056 568 1125 flaooe
579 1057 709 1125 Aquilone
722 1059 820 1110 Suevos

179 1128 262 1189 Attis,
275 1138 302 1179 et
312 1127 472 1179 indomitum
484 1126 571 1180 Bieni
582 1137 680 1194 caput:
696 1128 816 1179 omnibus
828 1128 915 1180 denotet

179 1197 293 1248 Reddite
305 1214 351 1248 noe
357 1196 477 1263 populis:
490 1196 567 1248 civite
580 1198 694 1248 avertite
706 1198 815 1248 bellurn.-

177 1267 250 1318 Hino
260 1265 354 1318 Dacus
363 1276 483 1332 premat,
498 1265 559 1318 inde
573 1269 668 1318 Getes:
691 1276 818 1319 occurrat
829 1267 915 1318 lieris

134 1336 167 1386 55
179 1336 265 1396 Alter,
277 1337 313 1387 ad
323 1337 398 1387 Eoos
411 1335 454 1386 uie
466 1346 555 1387 vertat
566 1336 644 1403 rigna
656 1336 809 1401 pharetrae.

178 1405 258 1456 Nulla
270 1415 347 1455 oaeet
356 1405 414 1466 tibi,
422 1404 517 1466 Boura,
525 1420 626 1456 ortanus.
644 1405 669 1454 V
667 1408 691 1456 el
698 1407 811 1471 perdere
823 1422 914 1457 nonren

176 1474 207 1525 Si
214 1476 306 1537 placet
316 1472 485 1538 Hesperium,
496 1472 594 1538 superi,
604 1474 734 1537 collapsae
745 1473 773 1525 in
784 1475 874 1542 ignem

176 1540 316 1592 Pluriueue
327 1542 364 1591 ad
376 1550 477 1590 terram
487 1557 536 1605 per
542 1540 664 1609 fralrnina
676 1541 784 1592 decidat
796 1542 896 1594 aetiter.

105 1656 109 1663 .
176 1611 259 1662 Saeve
268 1624 374 1674 parent,
389 1618 517 1674 utraeque
528 1610 607 1660 eiucui
617 1618 763 1675 portetque
774 1613 916 1678 ducesque,

134 1679 167 1729 60
178 1676 251 1728 Dum
262 1679 378 1729 nondum
391 1694 519 1738 meruere,
525 1677 594 1748 feri.
634 1675 757 1729 Tantone
767 1696 896 1732 ruovoram

176 1748 315 1798 Proventu
327 1750 453 1797 coelerum
465 1755 607 1812 quaerunt,
620 1755 681 1796 uter
692 1747 806 1812 imperet
818 1749 878 1798 cordi
885 1752 897 1798 t

182 1814 234 1868 Vix
245 1816 422 1887 tantifiaerat
433 1815 524 1866 civilia
537 1816 603 1866 beda
615 1832 725 1876 monere,

180 1886 217 1937 Ut
227 1895 329 1937 neuter.
366 1885 448 1935 Tales
458 1886 546 1951 pietas
557 1886 678 1950 peritura
689 1885 812 1953 querelas

176 1956 279 2022 Egerit.
304 1956 338 2004 At
349 1956 462 2004 miseros
474 1955 548 2022 angit
557 1969 607 2003 sua
618 1970 684 2004 cura
694 1962 830 2021 parentes,

133 2024 167 2074 55
179 2025 354 2090 Oderuntque
366 2025 456 2090 gravis
466 2025 571 2073 vivacia
582 2022 640 2075 fata
651 2031 787 2088 senectae,

177 2091 359 2160 Servatosque
369 2094 466 2144 iterum
478 2092 555 2143 bellis
567 2093 688 2145 civilibus
699 2109 791 2144 annos.

210 2165 297 2230 Atque
308 2163 411 2229 aliquis,
424 2178 521 2230 niagno
533 2178 665 2230 quaerens
677 2163 799 2228 exempla
810 2163 915 2224 unioni,

178 2232 235 2284 Non
247 2232 323 2293 odiar,
335 2234 430 2298 inquit,
441 2241 528 2283 ortatur
540 2234 679 2302 tnncfata
687 2231 835 2298 parabant,

179 2300 912 2367 QreurrrpoetTeutonicosvictorLiiyooequetriumphos

131 2372 166 2420 70
177 2370 266 2422 Enrul
277 2370 369 2421 Iirnoen
381 2369 488 2422 Mariua
500 2381 582 2437 caput
593 2370 700 2421 abdidit
711 2371 780 2420 calva.
816 2406 817 2411 ,

178 2439 283 2506 Stagna
310 2442 359 2491 udi
381 2449 471 2491 texere
481 2440 538 2498 ooli,
551 2443 680 2503 lunaeque
688 2440 801 2504 paludes
892 2439 895 2444 ’

175 2507 345 2572 Depositum,
356 2508 489 2569 Fortuna,
502 2518 589 2559 tuuru:
604 2525 665 2559 rnox
676 2507 782 2558 oirrcrda
789 2508 866 2578 ferri

175 2576 299 2628 Exedere
311 2593 406 2638 renem,
419 2580 564 2644 tenensque
575 2577 603 2628 in
613 2593 721 2627 carcere
729 2579 840 2642 paedor.

165 2644 276 2707 ¹Concu!
284 2654 311 2696 et
322 2661 413 2696 evorea
420 2646 494 2714 felix
505 2646 651 2697 moriturae
661 2645 690 2697 in
703 2647 767 2698 urbe

130 2715 164 2764 75
175 2716 280 2766 Poenae
292 2723 355 2766 ante
368 2715 452 2766 dabat
462 2719 596 2767 coelerum.
635 2715 711 2766 More
722 2715 780 2782 ipra
793 2715 900 2787 refugit
