1956 3106
151 162 202 211 110
323 161 361 212 Μ.
396 157 498 210 ANN.
533 159 716 211 LUCANI

91 279 143 332 646
153 278 295 330 Fluctibus
307 268 443 331 e'summis
459 293 590 345 praeceps
605 293 687 328 mare:
712 293 827 348 cumque
843 287 887 334 tu·

625 352 729 398 mentes

152 418 255 469 Rursus
266 415 342 467 hiant
351 416 448 476 undae,
460 416 505 465 vix
516 417 616 465 eminet
626 431 743 482 aequore
753 418 852 471 malus.

154 485 252 536 Nubila
263 491 410 552 tanguntur
419 484 494 545 velis,
506 491 534 535 ot
543 489 618 534 terra
629 485 729 534 carina.

153 554 223 605 Nam
234 555 355 621 pelagus,
368 567 421 619 qua
432 559 509 618 parte
521 552 662 614 sedet‚n0n
675 553 745 604 celat
756 569 868 608 arenas:

153 623 323 676 Exhaustum
333 624 360 671 in
372 622 499 683 tumulos,
511 623 651 688 omnisque
661 624 688 671 in
699 621 827 675 fluctibus
837 642 885 675 uu·

623 690 658 740 da
668 697 718 741 est.

93 763 143 812 645
154 763 225 811 Artis
238 775 316 825 opem
328 761 417 809 vicere
429 764 531 809 metus:
549 759 689 826 nescitque
700 762 840 828 magister,

154 831 241 890 (luam
253 828 421 895 frangat,cui
432 828 512 878 cedat
524 843 619 893 aquae.
651 829 796 881 Discordia
806 833 885 897 ponti

153 896 293 948 Succurrit
304 898 417 958 miseris,
428 895 580 962 fluctusque
591 902 713 948 evertere
727 896 841 965 puppim

152 966 212 1016 Non
222 967 295 1017 valet
306 968 333 1016 in
344 965 456 1016 fluctus:
474 967 576 1015 victum
586 965 656 1015 latus
669 966 741 1017 unda
750 968 886 1035 repellens

152 1037 248 1103 Erigit,
262 1042 343 1102 atque
355 1036 426 1086 omni
437 1035 526 1102 surgit
535 1035 602 1084 ratis
615 1035 700 1086 ardua
709 1042 801 1088 rento.

93 1106 142 1157 656
154 1104 214 1154 Non
225 1103 352 1156 humilem
363 1103 468 1155 Sasona
477 1104 562 1166 vedis,
573 1118 627 1153 non
638 1104 719 1155 litora
731 1120 831 1158 curvae

159 1173 318 1225 Thessaliae
330 1188 429 1225 saxosa
439 1178 548 1240 pavent,
560 1187 678 1240 oraeque
689 1174 822 1242 malignos

152 1244 312 1296 Ambraciae
322 1248 430 1310 portus:
450 1242 595 1307 scopulosa
607 1242 741 1292 Ceraunia
751 1248 852 1295 nautae

154 1312 265 1365 Summa
275 1314 379 1364 timent.
399 1312 492 1362 Credit
502 1312 557 1360 iarn
569 1310 886 1376 dignapericulacaesnr'

153 1384 227 1433 Fatis
240 1397 298 1432 esse
311 1383 374 1431 suis.
408 1379 546 1431 Tantusne
557 1379 762 1443 evertere,dixit,

93 1451 142 1500 655
155 1450 199 1501 Me
210 1451 313 1516 ruperia
324 1450 399 1500 labor
410 1459 449 1499 eet
458 1466 466 1497 .·
472 1463 561 1512 parve
572 1464 647 1514 quem
653 1451 886 1515 puppeeellentern·

156 1519 222 1570 Tam
234 1534 331 1587 magno
341 1518 443 1584 petiere
455 1515 544 1567 mari?
573 1516 604 1568 Si
611 1517 703 1586 glorio
715 1519 764 1570 leti

152 1589 205 1639 Ert
211 1591 310 1654 pelago
321 1588 422 1637 donoro
434 1586 494 1646 mei,
508 1585 632 1653 bellisque
643 1602 775 1656 negamur
785 1605 796 1648 ;
824 1637 828 1645 ,

154 1656 315 1723 intrepidus,
328 1655 586 1720 quemcunquedotie
599 1655 672 1718 mibi,
681 1658 802 1720 numina,
813 1674 884 1710 mor-

623 1734 676 1775 tem

152 1794 299 1861 Accipiam.
331 1792 408 1844 Licet
418 1793 537 1862 ingentes
548 1793 689 1860 abruperit
702 1804 779 1846 actara

12 1855 17 1864 '
92 1863 142 1914 666
153 1863 296 1915 Festinato
307 1862 361 1913 (lies
367 1863 443 1932 fatis
451 1879 462 1922 ;
479 1872 523 1914 snt
535 1878 635 1932 rnogua
643 1865 745 1944 peregi.

152 1933 267 1984 Arctoos
278 1933 367 1982 domui
376 1942 483 2000 gentes:
503 1931 615 1984 inimico
627 1934 718 2003 subegi

152 2002 236 2053 Arina
248 2012 333 2053 metu:
353 2000 883 2070 riditMognumnribiRomorecumluur.

155 2072 229 2122 latren
240 2071 316 2137 plebe
327 2071 476 2140 tulr'fuucer
486 2087 536 2137 per
548 2070 614 2122 bella
625 2082 745 2141 negator.

152 2140 235 2194 Nullo
248 2140 310 2191 meir
322 2140 408 2192 oberit
418 2141 506 2191 titulis
519 2140 641 2191 Romano
650 2151 778 2207 potenter.

92 2210 140 2261 665
155 2211 261 2262 Nesciet
270 2209 318 2262 boc
329 2210 478 2276 quisquam,
490 2209 543 2260 nisi
555 2219 592 2269 tu,
604 2224 670 2272 praue
682 2212 737 2261 eolo
752 2225 875 2262 meorum*

153 2278 267 2332 Conscia
279 2289 399 2331 notorum
412 2296 447 2340 es,
458 2296 506 2340 me,
519 2278 637 2344 qrrnrnnir
645 2277 877 2344 plenurbonorum

150 2349 189 2400 Et
201 2350 319 2401 dictator
331 2365 387 2400 enm
399 2348 509 2416 Stygius
525 2357 551 2397 et
562 2350 651 2398 correct!
661 2347 697 2397 od
706 2346 823 2410 umbrae,

151 2417 308 2479 Privatum,
319 2418 445 2469 Fortuna
452 2455 459 2479 ,
471 2416 545 2466 mori.
572 2414 748 2485 Mibisunere
759 2420 832 2468 nullo

151 2487 202 2538 Est
214 2505 291 2555 opus,
304 2504 318 2538 o
329 2487 435 2553 creperi:
455 2489 571 2537 lacerum
582 2484 695 2537 retinete
708 2487 827 2538 cadaver

89 2554 139 2606 bib
150 2556 290 2609 Fluctibus
299 2557 326 2608 in
338 2557 443 2608 inediis:
463 2555 548 2607 derint
558 2552 624 2605 mibi
634 2555 711 2608 bruta
721 2573 864 2626 regnaque,

153 2623 224 2677 Dum
236 2635 341 2677 nretunr
353 2642 461 2693 semper,
474 2635 599 2687 terraque
611 2636 747 2692 exspecter
759 2627 792 2678 ab
804 2626 888 2680 omni.

150 2695 227 2746 Haec
239 2695 324 2746 fatum
339 2697 468 2758 decimus,
480 2696 553 2745 dictu
565 2695 796 2760 mirabile,ilrrrtrrs
