<?xml version="1.0" encoding="UTF-8"?>
<!DOCTYPE html PUBLIC "-//W3C//DTD XHTML 1.0 Transitional//EN"
    "http://www.w3.org/TR/xhtml1/DTD/xhtml1-transitional.dtd">
<html xmlns="http://www.w3.org/1999/xhtml" xml:lang="en" lang="en">
 <head>
  <title>
</title>
<meta http-equiv="Content-Type" content="text/html;charset=utf-8" />
  <meta name='ocr-system' content='tesseract 3.04.00' />
  <meta name='ocr-capabilities' content='ocr_page ocr_carea ocr_par ocr_line ocrx_word'/>
</head>
<body>
  <div class='ocr_page' id='page_1' title='image "./mannaeilucaniph01lucagoog_0246.png"; bbox 0 0 1956 3106; ppageno 0'>
   <div class='ocr_carea' id='block_1_1' title="bbox 219 154 884 224">
    <p class='ocr_par' dir='ltr' id='par_1_1' title="bbox 219 154 884 224">
     <span class='ocr_line' id='line_1_1' title="bbox 219 154 884 224; baseline 0.003 -1"><span class='ocrx_word' id='word_1_1' title='bbox 219 170 508 223; x_wconf 73' lang='lat' dir='ltr'><em>ressusnuln.</em></span> <span class='ocrx_word' id='word_1_2' title='bbox 544 171 695 220; x_wconf 69' lang='lat' dir='ltr'><em>Lunx.</em></span> <span class='ocrx_word' id='word_1_3' title='bbox 772 154 825 224; x_wconf 73' lang='lat' dir='ltr'><em>est</em></span> <span class='ocrx_word' id='word_1_4' title='bbox 880 176 884 186; x_wconf 82' lang='grc'>’</span> 
     </span>
    </p>
   </div>
   <div class='ocr_carea' id='block_1_2' title="bbox 87 287 886 2146">
    <p class='ocr_par' dir='ltr' id='par_1_2' title="bbox 87 287 823 357">
     <span class='ocr_line' id='line_1_2' title="bbox 87 287 823 357; baseline -0.005 -13"><span class='ocrx_word' id='word_1_5' title='bbox 87 294 132 343; x_wconf 77' lang='lat' dir='ltr'><em>Ad</em></span> <span class='ocrx_word' id='word_1_6' title='bbox 142 292 264 343; x_wconf 85' lang='lat' dir='ltr'><em>dominne</em></span> <span class='ocrx_word' id='word_1_7' title='bbox 277 290 426 340; x_wconf 75' lang='lat' dir='ltr'><em>thalamos?</em></span> <span class='ocrx_word' id='word_1_8' title='bbox 443 287 530 338; x_wconf 76' lang='lat' dir='ltr'><em>Nubit</em></span> <span class='ocrx_word' id='word_1_9' title='bbox 542 305 617 338; x_wconf 89' lang='lat' dir='ltr'><em>soror</em></span> <span class='ocrx_word' id='word_1_10' title='bbox 627 289 823 357; x_wconf 77' lang='lat' dir='ltr'><em>inspiafratri:</em></span> 
     </span>
    </p>

    <p class='ocr_par' dir='ltr' id='par_1_3' title="bbox 89 357 820 424">
     <span class='ocr_line' id='line_1_3' title="bbox 89 357 820 424; baseline -0.004 -11"><span class='ocrx_word' id='word_1_11' title='bbox 89 361 157 413; x_wconf 82' lang='lat' dir='ltr'><em>Nam</em></span> <span class='ocrx_word' id='word_1_12' title='bbox 168 361 251 411; x_wconf 84' lang='lat' dir='ltr'><em>Lntio</em></span> <span class='ocrx_word' id='word_1_13' title='bbox 263 360 317 408; x_wconf 85' lang='lat' dir='ltr'><em>iam</em></span> <span class='ocrx_word' id='word_1_14' title='bbox 329 367 415 424; x_wconf 90' lang='lat' dir='ltr'><em>nupta</em></span> <span class='ocrx_word' id='word_1_15' title='bbox 427 357 489 408; x_wconf 86' lang='lat' dir='ltr'><em>duci</em></span> <span class='ocrx_word' id='word_1_16' title='bbox 501 366 554 407; x_wconf 89' lang='lat' dir='ltr'><em>est:</em></span> <span class='ocrx_word' id='word_1_17' title='bbox 573 358 695 423; x_wconf 89' lang='lat' dir='ltr'><em>interque</em></span> <span class='ocrx_word' id='word_1_18' title='bbox 707 361 820 410; x_wconf 80' lang='lat' dir='ltr'><em>erenritos</em></span> 
     </span>
    </p>

    <p class='ocr_par' dir='ltr' id='par_1_4' title="bbox 90 424 818 493">
     <span class='ocr_line' id='line_1_4' title="bbox 90 424 818 493; baseline -0.003 -13"><span class='ocrx_word' id='word_1_19' title='bbox 90 431 252 482; x_wconf 86' lang='lat' dir='ltr'><em>Discurrens</em></span> <span class='ocrx_word' id='word_1_20' title='bbox 264 427 405 493; x_wconf 74' lang='lat' dir='ltr'><em>Aegypton</em></span> <span class='ocrx_word' id='word_1_21' title='bbox 416 424 503 487; x_wconf 77' lang='lat' dir='ltr'><em>leniet,</em></span> <span class='ocrx_word' id='word_1_22' title='bbox 515 425 680 492; x_wconf 79' lang='lat' dir='ltr'><em>Romamque</em></span> <span class='ocrx_word' id='word_1_23' title='bbox 692 437 818 478; x_wconf 88' lang='lat' dir='ltr'><em>meretur.</em></span> 
     </span>
    </p>

    <p class='ocr_par' dir='ltr' id='par_1_5' title="bbox 89 494 884 567">
     <span class='ocr_line' id='line_1_5' title="bbox 89 494 884 567; baseline -0.005 -16"><span class='ocrx_word' id='word_1_24' title='bbox 89 500 260 567; x_wconf 75' lang='lat' dir='ltr'><em>Expugnare</em></span> <span class='ocrx_word' id='word_1_25' title='bbox 271 511 354 546; x_wconf 82' lang='lat' dir='ltr'><em>senens</em></span> <span class='ocrx_word' id='word_1_26' title='bbox 363 495 453 560; x_wconf 88' lang='lat' dir='ltr'><em>potuit</em></span> <span class='ocrx_word' id='word_1_27' title='bbox 466 494 610 560; x_wconf 80' lang='lat' dir='ltr'><em>Cleopatra</em></span> <span class='ocrx_word' id='word_1_28' title='bbox 621 495 740 545; x_wconf 79' lang='lat' dir='ltr'><em>sostenis:</em></span> <span class='ocrx_word' id='word_1_29' title='bbox 832 496 884 549; x_wconf 75' lang='grc'><em>360</em></span> 
     </span>
    </p>

    <p class='ocr_par' dir='ltr' id='par_1_6' title="bbox 92 563 792 630">
     <span class='ocr_line' id='line_1_6' title="bbox 92 563 792 630; baseline -0.009 -10"><span class='ocrx_word' id='word_1_30' title='bbox 92 569 184 629; x_wconf 87' lang='lat' dir='ltr'><em>Crede,</em></span> <span class='ocrx_word' id='word_1_31' title='bbox 196 566 283 624; x_wconf 84' lang='lat' dir='ltr'><em>mise&#39;r,</em></span> <span class='ocrx_word' id='word_1_32' title='bbox 294 581 393 630; x_wconf 84' lang='lat' dir='ltr'><em>puero:</em></span> <span class='ocrx_word' id='word_1_33' title='bbox 411 581 486 630; x_wconf 90' lang='lat' dir='ltr'><em>quens</em></span> <span class='ocrx_word' id='word_1_34' title='bbox 497 581 551 615; x_wconf 86' lang='lat' dir='ltr'><em>nox</em></span> <span class='ocrx_word' id='word_1_35' title='bbox 561 563 585 614; x_wconf 85' lang='lat' dir='ltr'><em>si</em></span> <span class='ocrx_word' id='word_1_36' title='bbox 595 564 716 615; x_wconf 83' lang='lat' dir='ltr'><em>iunxerit</em></span> <span class='ocrx_word' id='word_1_37' title='bbox 728 580 792 627; x_wconf 89' lang='lat' dir='ltr'><em>ana,</em></span> 
     </span>
    </p>

    <p class='ocr_par' dir='ltr' id='par_1_7' title="bbox 89 632 701 700">
     <span class='ocr_line' id='line_1_7' title="bbox 89 632 701 700; baseline -0.011 -11"><span class='ocrx_word' id='word_1_38' title='bbox 89 639 128 689; x_wconf 83' lang='lat' dir='ltr'><em>Et</em></span> <span class='ocrx_word' id='word_1_39' title='bbox 141 636 221 686; x_wconf 82' lang='lat' dir='ltr'><em>sensel</em></span> <span class='ocrx_word' id='word_1_40' title='bbox 229 635 367 699; x_wconf 81' lang='lat' dir='ltr'><em>amplexus</em></span> <span class='ocrx_word' id='word_1_41' title='bbox 379 632 479 683; x_wconf 87' lang='lat' dir='ltr'><em>incesta</em></span> <span class='ocrx_word' id='word_1_42' title='bbox 488 644 595 699; x_wconf 79' lang='lat' dir='ltr'><em>pectore</em></span> <span class='ocrx_word' id='word_1_43' title='bbox 603 648 701 700; x_wconf 85' lang='lat' dir='ltr'><em>passus</em></span> 
     </span>
    </p>

    <p class='ocr_par' dir='ltr' id='par_1_8' title="bbox 91 701 724 768">
     <span class='ocr_line' id='line_1_8' title="bbox 91 701 724 768; baseline -0.006 -12"><span class='ocrx_word' id='word_1_44' title='bbox 91 704 224 757; x_wconf 77' lang='lat' dir='ltr'><em>Hauserit</em></span> <span class='ocrx_word' id='word_1_45' title='bbox 236 703 373 752; x_wconf 81' lang='lat' dir='ltr'><em>obscenum</em></span> <span class='ocrx_word' id='word_1_46' title='bbox 385 701 465 752; x_wconf 90' lang='lat' dir='ltr'><em>titulo</em></span> <span class='ocrx_word' id='word_1_47' title='bbox 474 702 587 768; x_wconf 82' lang='lat' dir='ltr'><em>pietatis</em></span> <span class='ocrx_word' id='word_1_48' title='bbox 598 717 724 765; x_wconf 79' lang='lat' dir='ltr'><em>autorem,</em></span> 
     </span>
    </p>

    <p class='ocr_par' dir='ltr' id='par_1_9' title="bbox 92 770 780 842">
     <span class='ocr_line' id='line_1_9' title="bbox 92 770 780 842; baseline -0.003 -18"><span class='ocrx_word' id='word_1_49' title='bbox 92 774 189 838; x_wconf 88' lang='lat' dir='ltr'><em>Meque</em></span> <span class='ocrx_word' id='word_1_50' title='bbox 200 782 326 835; x_wconf 78' lang='lat' dir='ltr'><em>ruuntque</em></span> <span class='ocrx_word' id='word_1_51' title='bbox 338 779 419 836; x_wconf 87' lang='lat' dir='ltr'><em>caput</em></span> <span class='ocrx_word' id='word_1_52' title='bbox 427 787 476 836; x_wconf 88' lang='lat' dir='ltr'><em>per</em></span> <span class='ocrx_word' id='word_1_53' title='bbox 486 772 593 839; x_wconf 83' lang='lat' dir='ltr'><em>singula</em></span> <span class='ocrx_word' id='word_1_54' title='bbox 599 770 726 842; x_wconf 77' lang='lat' dir='ltr'><em>forsitan</em></span> <span class='ocrx_word' id='word_1_55' title='bbox 737 770 780 822; x_wconf 83' lang='lat' dir='ltr'><em>ills&#39;</em></span> 
     </span>
    </p>

    <p class='ocr_par' dir='ltr' id='par_1_10' title="bbox 93 838 883 908">
     <span class='ocr_line' id='line_1_10' title="bbox 93 838 883 908; baseline -0.005 -12"><span class='ocrx_word' id='word_1_56' title='bbox 93 842 195 896; x_wconf 85' lang='lat' dir='ltr'><em>Oscula</em></span> <span class='ocrx_word' id='word_1_57' title='bbox 206 840 322 892; x_wconf 80' lang='lat' dir='ltr'><em>donabit.</em></span> <span class='ocrx_word' id='word_1_58' title='bbox 344 839 473 890; x_wconf 85' lang='lat' dir='ltr'><em>Crucibus</em></span> <span class='ocrx_word' id='word_1_59' title='bbox 476 839 648 908; x_wconf 84' lang='lat' dir='ltr'><em>flammisque</em></span> <span class='ocrx_word' id='word_1_60' title='bbox 661 843 769 904; x_wconf 88' lang='lat' dir='ltr'><em>luemus,</em></span> <span class='ocrx_word' id='word_1_61' title='bbox 832 838 883 893; x_wconf 76' lang='grc'><em>365</em></span> 
     </span>
    </p>

    <p class='ocr_par' dir='ltr' id='par_1_11' title="bbox 93 907 754 983">
     <span class='ocr_line' id='line_1_11' title="bbox 93 907 754 983; baseline -0.008 -24"><span class='ocrx_word' id='word_1_62' title='bbox 93 913 124 962; x_wconf 82' lang='lat' dir='ltr'><em>Si</em></span> <span class='ocrx_word' id='word_1_63' title='bbox 130 911 223 983; x_wconf 81' lang='lat' dir='ltr'><em>fttert&#39;l</em></span> <span class='ocrx_word' id='word_1_64' title='bbox 229 910 353 980; x_wconf 80' lang='lat' dir='ltr'><em>formosa</em></span> <span class='ocrx_word' id='word_1_65' title='bbox 365 925 442 958; x_wconf 80' lang='lat' dir='ltr'><em>soror</em></span> <span class='ocrx_word' id='word_1_66' title='bbox 481 907 528 960; x_wconf 67' lang='lat' dir='ltr'><em>Nil</em></span> <span class='ocrx_word' id='word_1_67' title='bbox 539 911 653 978; x_wconf 83' lang='lat' dir='ltr'><em>undique</em></span> <span class='ocrx_word' id='word_1_68' title='bbox 664 919 754 962; x_wconf 78' lang='lat' dir='ltr'><em>restat</em></span> 
     </span>
    </p>

    <p class='ocr_par' dir='ltr' id='par_1_12' title="bbox 91 976 815 1039">
     <span class='ocr_line' id='line_1_12' title="bbox 91 976 815 1039; baseline 0 -8"><span class='ocrx_word' id='word_1_69' title='bbox 91 980 212 1032; x_wconf 72' lang='lat' dir='ltr'><em>Auuils&#39;i:</em></span> <span class='ocrx_word' id='word_1_70' title='bbox 231 996 279 1030; x_wconf 82' lang='lat' dir='ltr'><em>rex</em></span> <span class='ocrx_word' id='word_1_71' title='bbox 290 978 352 1027; x_wconf 78' lang='lat' dir='ltr'><em>ltine</em></span> <span class='ocrx_word' id='word_1_72' title='bbox 365 976 490 1039; x_wconf 85' lang='lat' dir='ltr'><em>coniunx,</em></span> <span class='ocrx_word' id='word_1_73' title='bbox 500 977 562 1031; x_wconf 78' lang='lat' dir='ltr'><em>ltine</em></span> <span class='ocrx_word' id='word_1_74' title='bbox 578 977 679 1030; x_wconf 88' lang='lat' dir='ltr'><em>Caesar</em></span> <span class='ocrx_word' id='word_1_75' title='bbox 690 982 815 1031; x_wconf 81' lang='lat' dir='ltr'><em>adulter:</em></span> 
     </span>
    </p>

    <p class='ocr_par' dir='ltr' id='par_1_13' title="bbox 91 1048 756 1117">
     <span class='ocr_line' id='line_1_13' title="bbox 91 1048 756 1117; baseline -0.005 -15"><span class='ocrx_word' id='word_1_76' title='bbox 91 1050 130 1103; x_wconf 85' lang='lat' dir='ltr'><em>Et</em></span> <span class='ocrx_word' id='word_1_77' title='bbox 142 1065 243 1108; x_wconf 91' lang='lat' dir='ltr'><em>sumus,</em></span> <span class='ocrx_word' id='word_1_78' title='bbox 255 1057 284 1097; x_wconf 90' lang='lat' dir='ltr'><em>nt</em></span> <span class='ocrx_word' id='word_1_79' title='bbox 290 1048 395 1117; x_wconf 82' lang='lat' dir='ltr'><em>fatear,</em></span> <span class='ocrx_word' id='word_1_80' title='bbox 406 1055 462 1096; x_wconf 89' lang='lat' dir='ltr'><em>tam</em></span> <span class='ocrx_word' id='word_1_81' title='bbox 474 1062 553 1097; x_wconf 83' lang='lat' dir='ltr'><em>saeva</em></span> <span class='ocrx_word' id='word_1_82' title='bbox 563 1048 651 1098; x_wconf 85' lang='lat' dir='ltr'><em>iudice</em></span> <span class='ocrx_word' id='word_1_83' title='bbox 661 1058 756 1099; x_wconf 76' lang='lat' dir='ltr'><em>sontes</em></span> 
     </span>
    </p>

    <p class='ocr_par' dir='ltr' id='par_1_14' title="bbox 93 1113 779 1182">
     <span class='ocr_line' id='line_1_14' title="bbox 93 1113 779 1182; baseline -0.004 -13"><span class='ocrx_word' id='word_1_84' title='bbox 93 1121 176 1182; x_wconf 74' lang='lat' dir='ltr'><em>Quaem</em></span> <span class='ocrx_word' id='word_1_85' title='bbox 188 1135 240 1169; x_wconf 90' lang='lat' dir='ltr'><em>non</em></span> <span class='ocrx_word' id='word_1_86' title='bbox 251 1134 283 1167; x_wconf 81' lang='lat' dir='ltr'><em>ex</em></span> <span class='ocrx_word' id='word_1_87' title='bbox 294 1115 368 1166; x_wconf 77' lang='lat' dir='ltr'><em>erodis</em></span> <span class='ocrx_word' id='word_1_88' title='bbox 378 1117 467 1165; x_wconf 81' lang='lat' dir='ltr'><em>credet</em></span> <span class='ocrx_word' id='word_1_89' title='bbox 480 1113 624 1182; x_wconf 81' lang='lat' dir='ltr'><em>Cleopatra</em></span> <span class='ocrx_word' id='word_1_90' title='bbox 635 1126 779 1179; x_wconf 81' lang='lat' dir='ltr'><em>nocentem,</em></span> 
     </span>
    </p>

    <p class='ocr_par' dir='ltr' id='par_1_15' title="bbox 92 1182 886 1255">
     <span class='ocr_line' id='line_1_15' title="bbox 92 1182 886 1255; baseline -0.005 -17"><span class='ocrx_word' id='word_1_91' title='bbox 92 1189 116 1238; x_wconf 86' lang='grc' dir='ltr'><em>Α</em></span> <span class='ocrx_word' id='word_1_92' title='bbox 130 1204 180 1254; x_wconf 90' lang='lat' dir='ltr'><em>quo</em></span> <span class='ocrx_word' id='word_1_93' title='bbox 192 1196 267 1237; x_wconf 86' lang='lat' dir='ltr'><em>casta</em></span> <span class='ocrx_word' id='word_1_94' title='bbox 275 1184 355 1253; x_wconf 81' lang='lat' dir='ltr'><em>fuit?</em></span> <span class='ocrx_word' id='word_1_95' title='bbox 375 1182 428 1233; x_wconf 90' lang='lat' dir='ltr'><em>Per</em></span> <span class='ocrx_word' id='word_1_96' title='bbox 439 1194 465 1235; x_wconf 94' lang='lat' dir='ltr'><em>te</em></span> <span class='ocrx_word' id='word_1_97' title='bbox 477 1184 671 1255; x_wconf 86' lang='lat' dir='ltr'><em>quodfeeimus</em></span> <span class='ocrx_word' id='word_1_98' title='bbox 684 1201 736 1236; x_wconf 90' lang='lat' dir='ltr'><em>nna</em></span> <span class='ocrx_word' id='word_1_99' title='bbox 834 1184 886 1236; x_wconf 75' lang='lat' dir='ltr'><em>sto</em></span> 
     </span>
    </p>

    <p class='ocr_par' dir='ltr' id='par_1_16' title="bbox 93 1253 810 1389">
     <span class='ocr_line' id='line_1_16' title="bbox 93 1253 810 1322; baseline -0.003 -15"><span class='ocrx_word' id='word_1_100' title='bbox 93 1255 315 1318; x_wconf 72' lang='lat' dir='ltr'><em>Perdidimusque</em></span> <span class='ocrx_word' id='word_1_101' title='bbox 335 1253 428 1320; x_wconf 87' lang='lat' dir='ltr'><em>nefas,</em></span> <span class='ocrx_word' id='word_1_102' title='bbox 450 1269 552 1318; x_wconf 84' lang='lat' dir='ltr'><em>perque</em></span> <span class='ocrx_word' id='word_1_103' title='bbox 573 1254 656 1304; x_wconf 89' lang='lat' dir='ltr'><em>ictum</em></span> <span class='ocrx_word' id='word_1_104' title='bbox 678 1253 810 1322; x_wconf 70' lang='lat' dir='ltr'><em>sategerint</em></span> 
     </span>
     <span class='ocr_line' id='line_1_17' title="bbox 563 1321 660 1389; baseline 0 -17"><span class='ocrx_word' id='word_1_105' title='bbox 563 1321 660 1389; x_wconf 69' lang='lat' dir='ltr'><em>Magni</em></span> 
     </span>
    </p>

    <p class='ocr_par' dir='ltr' id='par_1_17' title="bbox 94 1389 757 1452">
     <span class='ocr_line' id='line_1_18' title="bbox 94 1389 757 1452; baseline -0.005 -9"><span class='ocrx_word' id='word_1_106' title='bbox 94 1392 209 1452; x_wconf 81' lang='lat' dir='ltr'><em>Foedus,</em></span> <span class='ocrx_word' id='word_1_107' title='bbox 221 1392 297 1441; x_wconf 86' lang='lat' dir='ltr'><em>ades:</em></span> <span class='ocrx_word' id='word_1_108' title='bbox 316 1389 403 1441; x_wconf 82' lang='lat' dir='ltr'><em>subito</em></span> <span class='ocrx_word' id='word_1_109' title='bbox 415 1390 510 1440; x_wconf 81' lang='lat' dir='ltr'><em>bellum</em></span> <span class='ocrx_word' id='word_1_110' title='bbox 520 1392 611 1441; x_wconf 87' lang='lat' dir='ltr'><em>molire</em></span> <span class='ocrx_word' id='word_1_111' title='bbox 623 1395 757 1443; x_wconf 72' lang='lat' dir='ltr'><em>transsaltus</em></span> 
     </span>
    </p>

    <p class='ocr_par' dir='ltr' id='par_1_18' title="bbox 93 1461 730 1528">
     <span class='ocr_line' id='line_1_19' title="bbox 93 1461 730 1528; baseline -0.005 -15"><span class='ocrx_word' id='word_1_112' title='bbox 93 1463 171 1513; x_wconf 89' lang='lat' dir='ltr'><em>lrrue</em></span> <span class='ocrx_word' id='word_1_113' title='bbox 183 1470 343 1512; x_wconf 88' lang='lat' dir='ltr'><em>nocturnus:</em></span> <span class='ocrx_word' id='word_1_114' title='bbox 354 1475 508 1524; x_wconf 76' lang='lat' dir='ltr'><em>ratisponens</em></span> <span class='ocrx_word' id='word_1_115' title='bbox 513 1461 615 1528; x_wconf 78' lang='lat' dir='ltr'><em>sunere</em></span> <span class='ocrx_word' id='word_1_116' title='bbox 626 1463 730 1522; x_wconf 87' lang='lat' dir='ltr'><em>taedas,</em></span> 
     </span>
    </p>

    <p class='ocr_par' dir='ltr' id='par_1_19' title="bbox 95 1529 782 1596">
     <span class='ocr_line' id='line_1_20' title="bbox 95 1529 782 1596; baseline -0.004 -15"><span class='ocrx_word' id='word_1_117' title='bbox 95 1529 285 1596; x_wconf 79' lang='lat' dir='ltr'><em>Crudelemque</em></span> <span class='ocrx_word' id='word_1_118' title='bbox 298 1537 365 1578; x_wconf 83' lang='lat' dir='ltr'><em>tores</em></span> <span class='ocrx_word' id='word_1_119' title='bbox 377 1529 511 1579; x_wconf 85' lang='lat' dir='ltr'><em>dominans</em></span> <span class='ocrx_word' id='word_1_120' title='bbox 523 1540 667 1580; x_wconf 78' lang='lat' dir='ltr'><em>irrueremus</em></span> <span class='ocrx_word' id='word_1_121' title='bbox 678 1530 705 1581; x_wconf 89' lang='lat' dir='ltr'><em>in</em></span> <span class='ocrx_word' id='word_1_122' title='bbox 717 1530 782 1595; x_wconf 77' lang='lat' dir='ltr'><em>ipsus</em></span> 
     </span>
    </p>

    <p class='ocr_par' dir='ltr' id='par_1_20' title="bbox 94 1596 886 1668">
     <span class='ocr_line' id='line_1_21' title="bbox 94 1596 886 1668; baseline -0.008 -14"><span class='ocrx_word' id='word_1_123' title='bbox 94 1603 160 1654; x_wconf 86' lang='lat' dir='ltr'><em>Cum</em></span> <span class='ocrx_word' id='word_1_124' title='bbox 172 1615 335 1668; x_wconf 83' lang='lat' dir='ltr'><em>quaerunque</em></span> <span class='ocrx_word' id='word_1_125' title='bbox 346 1598 412 1649; x_wconf 85' lang='lat' dir='ltr'><em>rire.</em></span> <span class='ocrx_word' id='word_1_126' title='bbox 442 1597 499 1648; x_wconf 82' lang='lat' dir='ltr'><em>Nec</em></span> <span class='ocrx_word' id='word_1_127' title='bbox 510 1615 556 1649; x_wconf 86' lang='lat' dir='ltr'><em>nos</em></span> <span class='ocrx_word' id='word_1_128' title='bbox 565 1601 699 1649; x_wconf 86' lang='lat' dir='ltr'><em>deterrent</em></span> <span class='ocrx_word' id='word_1_129' title='bbox 710 1597 783 1649; x_wconf 89' lang='lat' dir='ltr'><em>ausis</em></span> <span class='ocrx_word' id='word_1_130' title='bbox 835 1596 886 1650; x_wconf 70' lang='grc'><em>315</em></span> 
     </span>
    </p>

    <p class='ocr_par' dir='ltr' id='par_1_21' title="bbox 93 1666 763 1737">
     <span class='ocr_line' id='line_1_22' title="bbox 93 1666 763 1737; baseline -0.006 -15"><span class='ocrx_word' id='word_1_131' title='bbox 93 1669 219 1737; x_wconf 86' lang='lat' dir='ltr'><em>Hesperii</em></span> <span class='ocrx_word' id='word_1_132' title='bbox 229 1668 354 1720; x_wconf 78' lang='lat' dir='ltr'><em>Fortuna</em></span> <span class='ocrx_word' id='word_1_133' title='bbox 366 1668 450 1718; x_wconf 87' lang='lat' dir='ltr'><em>ducis.</em></span> <span class='ocrx_word' id='word_1_134' title='bbox 482 1666 556 1729; x_wconf 86' lang='lat' dir='ltr'><em>Quae</em></span> <span class='ocrx_word' id='word_1_135' title='bbox 568 1669 676 1719; x_wconf 82' lang='lat' dir='ltr'><em>sustulit</em></span> <span class='ocrx_word' id='word_1_136' title='bbox 688 1668 763 1720; x_wconf 87' lang='lat' dir='ltr'><em>illum</em></span> 
     </span>
    </p>

    <p class='ocr_par' dir='ltr' id='par_1_22' title="bbox 93 1736 713 1806">
     <span class='ocr_line' id='line_1_23' title="bbox 93 1736 713 1806; baseline -0.005 -15"><span class='ocrx_word' id='word_1_137' title='bbox 93 1738 274 1806; x_wconf 78' lang='lat' dir='ltr'><em>imposuitque</em></span> <span class='ocrx_word' id='word_1_138' title='bbox 285 1737 356 1796; x_wconf 80' lang='lat' dir='ltr'><em>orbi,</em></span> <span class='ocrx_word' id='word_1_139' title='bbox 369 1736 513 1787; x_wconf 89' lang='lat' dir='ltr'><em>communis</em></span> <span class='ocrx_word' id='word_1_140' title='bbox 522 1739 613 1804; x_wconf 85' lang='lat' dir='ltr'><em>gloria</em></span> <span class='ocrx_word' id='word_1_141' title='bbox 626 1739 713 1788; x_wconf 82' lang='lat' dir='ltr'><em>nobis:</em></span> 
     </span>
    </p>

    <p class='ocr_par' dir='ltr' id='par_1_23' title="bbox 96 1805 842 1875">
     <span class='ocr_line' id='line_1_24' title="bbox 96 1805 842 1875; baseline -0.004 -16"><span class='ocrx_word' id='word_1_142' title='bbox 96 1808 147 1859; x_wconf 73' lang='lat' dir='ltr'><em>Nos</em></span> <span class='ocrx_word' id='word_1_143' title='bbox 158 1821 260 1871; x_wconf 83' lang='lat' dir='ltr'><em>quoque</em></span> <span class='ocrx_word' id='word_1_144' title='bbox 270 1806 392 1854; x_wconf 79' lang='lat' dir='ltr'><em>sseblimes</em></span> <span class='ocrx_word' id='word_1_145' title='bbox 406 1805 524 1871; x_wconf 84' lang='lat' dir='ltr'><em>Magnus</em></span> <span class='ocrx_word' id='word_1_146' title='bbox 529 1807 614 1875; x_wconf 85' lang='lat' dir='ltr'><em>fucit.</em></span> <span class='ocrx_word' id='word_1_147' title='bbox 644 1807 842 1871; x_wconf 66' lang='lat' dir='ltr'><em>ansquetinus,</em></span> 
     </span>
    </p>

    <p class='ocr_par' dir='ltr' id='par_1_24' title="bbox 95 1873 770 1941">
     <span class='ocr_line' id='line_1_25' title="bbox 95 1873 770 1941; baseline 0 -19"><span class='ocrx_word' id='word_1_148' title='bbox 95 1877 172 1941; x_wconf 85' lang='lat' dir='ltr'><em>Spem</em></span> <span class='ocrx_word' id='word_1_149' title='bbox 184 1874 271 1924; x_wconf 88' lang='lat' dir='ltr'><em>nostri</em></span> <span class='ocrx_word' id='word_1_150' title='bbox 282 1873 401 1922; x_wconf 87' lang='lat' dir='ltr'><em>sceleris:</em></span> <span class='ocrx_word' id='word_1_151' title='bbox 419 1875 535 1937; x_wconf 88' lang='lat' dir='ltr'><em>pollutos</em></span> <span class='ocrx_word' id='word_1_152' title='bbox 548 1877 652 1925; x_wconf 84' lang='lat' dir='ltr'><em>consule</em></span> <span class='ocrx_word' id='word_1_153' title='bbox 657 1874 770 1940; x_wconf 77' lang='lat' dir='ltr'><em>fluetus,</em></span> 
     </span>
    </p>

    <p class='ocr_par' dir='ltr' id='par_1_25' title="bbox 98 1941 885 2008">
     <span class='ocr_line' id='line_1_26' title="bbox 98 1941 885 2008; baseline -0.003 -14"><span class='ocrx_word' id='word_1_154' title='bbox 98 1944 169 2007; x_wconf 83' lang='lat' dir='ltr'><em>Quid</em></span> <span class='ocrx_word' id='word_1_155' title='bbox 181 1943 263 1992; x_wconf 87' lang='lat' dir='ltr'><em>liceat</em></span> <span class='ocrx_word' id='word_1_156' title='bbox 273 1941 363 1992; x_wconf 80' lang='lat' dir='ltr'><em>nolis:</em></span> <span class='ocrx_word' id='word_1_157' title='bbox 382 1943 563 2007; x_wconf 90' lang='lat' dir='ltr'><em>tumulumque</em></span> <span class='ocrx_word' id='word_1_158' title='bbox 574 1945 704 2008; x_wconf 73' lang='lat' dir='ltr'><em>epulone</em></span> <span class='ocrx_word' id='word_1_159' title='bbox 714 1959 798 2008; x_wconf 80' lang='lat' dir='ltr'><em>parra</em></span> <span class='ocrx_word' id='word_1_160' title='bbox 835 1941 885 1992; x_wconf 80' lang='lat'><em>380</em></span> 
     </span>
    </p>

    <p class='ocr_par' dir='ltr' id='par_1_26' title="bbox 95 2009 797 2079">
     <span class='ocr_line' id='line_1_27' title="bbox 95 2009 797 2079; baseline -0.003 -16"><span class='ocrx_word' id='word_1_161' title='bbox 95 2011 217 2078; x_wconf 82' lang='lat' dir='ltr'><em>Adspice,</em></span> <span class='ocrx_word' id='word_1_162' title='bbox 230 2009 354 2075; x_wconf 85' lang='lat' dir='ltr'><em>Pompeii</em></span> <span class='ocrx_word' id='word_1_163' title='bbox 365 2026 416 2060; x_wconf 89' lang='lat' dir='ltr'><em>nan</em></span> <span class='ocrx_word' id='word_1_164' title='bbox 427 2010 515 2060; x_wconf 87' lang='lat' dir='ltr'><em>omnia</em></span> <span class='ocrx_word' id='word_1_165' title='bbox 527 2012 643 2061; x_wconf 84' lang='lat' dir='ltr'><em>membra</em></span> <span class='ocrx_word' id='word_1_166' title='bbox 655 2021 797 2079; x_wconf 80' lang='lat' dir='ltr'><em>tegentem.</em></span> 
     </span>
    </p>

    <p class='ocr_par' dir='ltr' id='par_1_27' title="bbox 96 2077 824 2146">
     <span class='ocr_line' id='line_1_28' title="bbox 96 2077 824 2146; baseline -0.005 -14"><span class='ocrx_word' id='word_1_167' title='bbox 96 2083 178 2146; x_wconf 86' lang='lat' dir='ltr'><em>Quem</em></span> <span class='ocrx_word' id='word_1_168' title='bbox 186 2079 292 2140; x_wconf 88' lang='lat' dir='ltr'><em>metuis,</em></span> <span class='ocrx_word' id='word_1_169' title='bbox 298 2077 511 2145; x_wconf 83' lang='lat' dir='ltr'><em>perduinserat.</em></span> <span class='ocrx_word' id='word_1_170' title='bbox 531 2078 593 2130; x_wconf 89' lang='lat' dir='ltr'><em>Non</em></span> <span class='ocrx_word' id='word_1_171' title='bbox 604 2079 824 2139; x_wconf 65' lang='lat' dir='ltr'><em>sannteineclnri:</em></span> 
     </span>
    </p>
   </div>
   <div class='ocr_carea' id='block_1_3' title="bbox 94 2149 885 2413">
    <p class='ocr_par' dir='ltr' id='par_1_28' title="bbox 94 2149 824 2268">
     <span class='ocr_line' id='line_1_29' title="bbox 94 2149 824 2220; baseline -0.003 -18"><span class='ocrx_word' id='word_1_172' title='bbox 94 2152 167 2215; x_wconf 81' lang='lat' dir='ltr'><em>Quid</em></span> <span class='ocrx_word' id='word_1_173' title='bbox 177 2149 284 2220; x_wconf 81' lang='lat' dir='ltr'><em>refert?</em></span> <span class='ocrx_word' id='word_1_174' title='bbox 304 2163 351 2198; x_wconf 87' lang='lat' dir='ltr'><em>nec</em></span> <span class='ocrx_word' id='word_1_175' title='bbox 362 2162 422 2212; x_wconf 87' lang='lat' dir='ltr'><em>opes</em></span> <span class='ocrx_word' id='word_1_176' title='bbox 429 2150 589 2212; x_wconf 87' lang='lat' dir='ltr'><em>populorum</em></span> <span class='ocrx_word' id='word_1_177' title='bbox 603 2165 635 2198; x_wconf 88' lang='lat' dir='ltr'><em>ne</em></span> <span class='ocrx_word' id='word_1_178' title='bbox 648 2165 730 2215; x_wconf 73' lang='lat' dir='ltr'><em>regna</em></span> <span class='ocrx_word' id='word_1_179' title='bbox 742 2165 824 2219; x_wconf 77' lang='lat' dir='ltr'><em>mque·</em></span> 
     </span>
     <span class='ocr_line' id='line_1_30' title="bbox 566 2234 630 2268; baseline 0 -2"><span class='ocrx_word' id='word_1_180' title='bbox 566 2234 630 2268; x_wconf 79' lang='lat' dir='ltr'><em>neres.</em></span> 
     </span>
    </p>

    <p class='ocr_par' dir='ltr' id='par_1_29' title="bbox 94 2284 787 2352">
     <span class='ocr_line' id='line_1_31' title="bbox 94 2284 787 2352; baseline -0.004 -12"><span class='ocrx_word' id='word_1_181' title='bbox 94 2291 137 2340; x_wconf 82' lang='lat' dir='ltr'><em>dd</em></span> <span class='ocrx_word' id='word_1_182' title='bbox 148 2290 232 2338; x_wconf 90' lang='lat' dir='ltr'><em>scelus</em></span> <span class='ocrx_word' id='word_1_183' title='bbox 244 2286 369 2351; x_wconf 75' lang='lat' dir='ltr'><em>ingentes</em></span> <span class='ocrx_word' id='word_1_184' title='bbox 375 2284 453 2352; x_wconf 80' lang='lat' dir='ltr'><em>facti</em></span> <span class='ocrx_word' id='word_1_185' title='bbox 463 2300 559 2335; x_wconf 79' lang='lat' dir='ltr'><em>suerrus.</em></span> <span class='ocrx_word' id='word_1_186' title='bbox 589 2285 787 2338; x_wconf 79' lang='lat' dir='ltr'><em>.ldtraleitillas</em></span> 
     </span>
    </p>

    <p class='ocr_par' dir='ltr' id='par_1_30' title="bbox 94 2354 885 2413">
     <span class='ocr_line' id='line_1_32' title="bbox 94 2354 885 2413; baseline -0.005 -5"><span class='ocrx_word' id='word_1_187' title='bbox 94 2361 123 2411; x_wconf 88' lang='lat' dir='ltr'><em>ln</em></span> <span class='ocrx_word' id='word_1_188' title='bbox 136 2366 242 2413; x_wconf 84' lang='lat' dir='ltr'><em>nastros</em></span> <span class='ocrx_word' id='word_1_189' title='bbox 253 2354 377 2405; x_wconf 78' lang='lat' dir='ltr'><em>Fortuna</em></span> <span class='ocrx_word' id='word_1_190' title='bbox 393 2370 494 2404; x_wconf 89' lang='lat' dir='ltr'><em>manns.</em></span> <span class='ocrx_word' id='word_1_191' title='bbox 523 2355 566 2406; x_wconf 84' lang='lat' dir='ltr'><em>Eu</em></span> <span class='ocrx_word' id='word_1_192' title='bbox 580 2358 667 2405; x_wconf 86' lang='lat' dir='ltr'><em>ultera</em></span> <span class='ocrx_word' id='word_1_193' title='bbox 679 2355 752 2406; x_wconf 80' lang='lat' dir='ltr'><em>venit</em></span> <span class='ocrx_word' id='word_1_194' title='bbox 835 2354 885 2406; x_wconf 79' lang='lat'><em>385</em></span> 
     </span>
    </p>
   </div>
   <div class='ocr_carea' id='block_1_4' title="bbox 96 2423 888 2770">
    <p class='ocr_par' dir='ltr' id='par_1_31' title="bbox 96 2423 833 2630">
     <span class='ocr_line' id='line_1_33' title="bbox 100 2423 739 2478; baseline -0.005 -1"><span class='ocrx_word' id='word_1_195' title='bbox 100 2427 215 2478; x_wconf 73' lang='lat' dir='ltr'><em>l&#39;ictima</em></span> <span class='ocrx_word' id='word_1_196' title='bbox 228 2424 351 2476; x_wconf 81' lang='lat' dir='ltr'><em>nobilior.</em></span> <span class='ocrx_word' id='word_1_197' title='bbox 382 2423 523 2474; x_wconf 82' lang='lat' dir='ltr'><em>Placemus</em></span> <span class='ocrx_word' id='word_1_198' title='bbox 534 2427 612 2474; x_wconf 83' lang='lat' dir='ltr'><em>enede</em></span> <span class='ocrx_word' id='word_1_199' title='bbox 623 2426 739 2476; x_wconf 88' lang='lat' dir='ltr'><em>secunda</em></span> 
     </span>
     <span class='ocr_line' id='line_1_34' title="bbox 97 2491 826 2562; baseline 0.001 -16"><span class='ocrx_word' id='word_1_200' title='bbox 97 2495 240 2562; x_wconf 85' lang='lat' dir='ltr'><em>Hesperias</em></span> <span class='ocrx_word' id='word_1_201' title='bbox 248 2502 353 2562; x_wconf 77' lang='lat' dir='ltr'><em>¹qentes.</em></span> <span class='ocrx_word' id='word_1_202' title='bbox 377 2493 490 2560; x_wconf 77' lang='lat' dir='ltr'><em>Iugulus</em></span> <span class='ocrx_word' id='word_1_203' title='bbox 501 2493 566 2544; x_wconf 84' lang='lat' dir='ltr'><em>milri</em></span> <span class='ocrx_word' id='word_1_204' title='bbox 579 2491 703 2545; x_wconf 87' lang='lat' dir='ltr'><em>Caesaris</em></span> <span class='ocrx_word' id='word_1_205' title='bbox 715 2492 826 2547; x_wconf 76' lang='lat' dir='ltr'><em>haustus</em></span> 
     </span>
     <span class='ocr_line' id='line_1_35' title="bbox 96 2561 833 2630; baseline 0 -15"><span class='ocrx_word' id='word_1_206' title='bbox 96 2564 154 2615; x_wconf 84' lang='lat' dir='ltr'><em>llnc</em></span> <span class='ocrx_word' id='word_1_207' title='bbox 163 2572 306 2630; x_wconf 88' lang='lat' dir='ltr'><em>praestare</em></span> <span class='ocrx_word' id='word_1_208' title='bbox 315 2571 414 2628; x_wconf 89' lang='lat' dir='ltr'><em>potest,</em></span> <span class='ocrx_word' id='word_1_209' title='bbox 425 2561 550 2627; x_wconf 85' lang='lat' dir='ltr'><em>Pompeii</em></span> <span class='ocrx_word' id='word_1_210' title='bbox 562 2564 642 2613; x_wconf 85' lang='lat' dir='ltr'><em>caede</em></span> <span class='ocrx_word' id='word_1_211' title='bbox 651 2572 775 2615; x_wconf 87' lang='lat' dir='ltr'><em>nocentes</em></span> <span class='ocrx_word' id='word_1_212' title='bbox 828 2572 833 2579; x_wconf 89' lang='grc'><em>”</em></span> 
     </span>
    </p>

    <p class='ocr_par' dir='ltr' id='par_1_32' title="bbox 96 2629 888 2770">
     <span class='ocr_line' id='line_1_36' title="bbox 98 2629 807 2698; baseline 0.004 -16"><span class='ocrx_word' id='word_1_213' title='bbox 98 2632 136 2682; x_wconf 86' lang='lat' dir='ltr'><em>Ut</em></span> <span class='ocrx_word' id='word_1_214' title='bbox 144 2633 260 2698; x_wconf 88' lang='lat' dir='ltr'><em>populus</em></span> <span class='ocrx_word' id='word_1_215' title='bbox 270 2630 408 2683; x_wconf 86' lang='lat' dir='ltr'><em>Romanus</em></span> <span class='ocrx_word' id='word_1_216' title='bbox 418 2639 498 2681; x_wconf 89' lang='lat' dir='ltr'><em>amet.</em></span> <span class='ocrx_word' id='word_1_217' title='bbox 526 2629 599 2692; x_wconf 76' lang='lat' dir='ltr'><em>Qsett</em></span> <span class='ocrx_word' id='word_1_218' title='bbox 611 2632 717 2683; x_wconf 81' lang='lat' dir='ltr'><em>norrrina</em></span> <span class='ocrx_word' id='word_1_219' title='bbox 730 2641 807 2685; x_wconf 88' lang='lat' dir='ltr'><em>tanta</em></span> 
     </span>
     <span class='ocr_line' id='line_1_37' title="bbox 96 2699 888 2770; baseline -0.001 -19"><span class='ocrx_word' id='word_1_220' title='bbox 96 2701 251 2762; x_wconf 84' lang='lat' dir='ltr'><em>Horremus,</em></span> <span class='ocrx_word' id='word_1_221' title='bbox 263 2700 383 2766; x_wconf 83' lang='lat' dir='ltr'><em>uiresque</em></span> <span class='ocrx_word' id='word_1_222' title='bbox 395 2700 480 2760; x_wconf 86' lang='lat' dir='ltr'><em>ducis,</em></span> <span class='ocrx_word' id='word_1_223' title='bbox 489 2700 583 2770; x_wconf 79' lang='lat' dir='ltr'><em>quibus</em></span> <span class='ocrx_word' id='word_1_224' title='bbox 595 2700 640 2752; x_wconf 89' lang='lat' dir='ltr'><em>ille</em></span> <span class='ocrx_word' id='word_1_225' title='bbox 650 2701 752 2754; x_wconf 85' lang='lat' dir='ltr'><em>relictis</em></span> <span class='ocrx_word' id='word_1_226' title='bbox 837 2699 888 2751; x_wconf 76' lang='lat'><em>390</em></span> 
     </span>
    </p>
   </div>
   <div class='ocr_carea' id='block_1_5' title="bbox 0 0 991 3106">
    <p class='ocr_par' dir='ltr' id='par_1_33' title="bbox 0 0 991 3106">
     <span class='ocr_line' id='line_1_38' title="bbox 0 0 991 3106; baseline 0 0"><span class='ocrx_word' id='word_1_227' title='bbox 0 0 991 3106; x_wconf 95' lang='lat' dir='ltr'><em> </em></span> 
     </span>
    </p>
   </div>
  </div>
 </body>
</html>
