1956 3106
193 128 245 179 188
367 126 406 177 Μ.
441 122 544 175 ΑΝΝ.
580 122 763 175 lsUCrlNl

192 248 361 309 Praebebat3
383 258 451 293 cano
464 242 512 293 sed
523 241 642 291 discolor
653 256 773 309 aequore
784 246 899 297 mancus

193 319 373 383 conspicitur.
385 314 409 362 T
411 318 475 362 enet
483 311 528 361 ille
539 310 636 361 ducem
643 311 830 377 complexibus
836 314 930 378 arctis,

191 387 333 452 Eripiente
344 382 426 434 marl:
444 395 516 429 nunc
526 380 614 429 rictus
626 380 745 444 pondere
756 384 836 430 tanto
848 396 852 403 ·

131 457 183 504 725
193 456 345 521 Exspectat
356 452 463 510 fluctus,
474 448 625 513 pelagoque
635 449 745 498 iurante
756 448 878 501 cadaver

192 523 317 589 Impellit.
335 522 484 584 Postquam
496 516 570 565 sicco
581 518 636 565 ium
647 516 727 567 litore
738 517 819 579 sedit,
871 528 874 535 ·

192 591 317 642 Incubuit
327 590 438 654 Magno,
450 585 629 651 lacrimasque
640 583 736 636 effirdit
744 587 771 634 in
783 600 866 637 onrue

192 659 306 720 Vulnus,
317 664 345 708 et
356 656 390 706 ad
401 668 525 720 superos,
537 652 707 720 obscuraque
719 655 811 705 sidera
820 653 911 707 fatur:

245 728 302 778 Non
314 724 434 792 pretiosa
443 718 512 787 petit
524 724 660 773 cumulato
672 731 733 773 ture
744 722 891 788 sepulchra

131 796 181 845 130
194 795 347 862 Porrrpes'us,
358 793 493 852 Fortuna,
505 800 583 840 taos:
600 808 652 842 rsors
659 791 773 860 pinguis
783 793 823 843 od
832 802 912 845 astra

194 864 231 914 Ut
236 863 317 933 ferat
329 880 342 913 e
352 860 475 912 membris
486 857 558 909 Eoos
563 858 661 928 suessos
674 861 777 922 odores,

194 933 232 984 Ut
241 932 367 983 Romana
379 946 454 980 susem
464 937 572 997 gestent
580 928 630 995 pia
642 931 710 981 collo
720 938 876 995 parentem,

190 1001 340 1073 Praeferat
352 1008 383 1050 ut
391 998 601 1067 veteresferois's
611 1014 709 1064 pompa
720 997 884 1065 triumphos,

193 1070 230 1122 Ut
241 1080 363 1123 resonent
373 1078 456 1120 contu
467 1066 542 1117 tristi
547 1066 625 1135 fora,
636 1075 708 1117 totos
719 1076 748 1119 ut
758 1066 851 1135 ignem

130 1138 180 1189 135
191 1139 326 1192 Proiectis
337 1153 456 1189 rrrocrens
469 1136 604 1186 exercilus
616 1134 718 1187 arrsbr'ct
730 1135 823 1187 armis.

188 1207 236 1260 Do
247 1209 325 1260 rilem
336 1207 439 1273 Magno
446 1204 546 1271 plebeii
551 1204 661 1274 ‚funeris
671 1221 773 1265 orcam,

193 1277 268 1341 Quae
279 1280 396 1329 lacerum
409 1291 504 1340 corpus
515 1273 597 1324 siccos
610 1271 735 1339 effundat
746 1273 775 1325 irs
784 1272 872 1341 ignes.

188 1346 298 1398 Robora
309 1363 361 1398 nors
372 1344 459 1395 desint
469 1342 573 1403 misero,
585 1358 632 1394 nec
644 1342 769 1394 sordidus
781 1354 870 1396 ustor.

194 1416 237 1467 Sir
248 1415 325 1473 sotis,
337 1433 351 1465 o
363 1413 463 1479 superi,
474 1413 545 1478 quod
553 1428 605 1462 nors
616 1408 815 1481 Corneliafrsso

130 1485 182 1535 140
195 1484 276 1537 Crine
286 1485 366 1545 iacet,
378 1481 511 1545 subicique
517 1481 612 1549 secem
623 1482 761 1547 correptore
771 1480 904 1535 maritos

189 1554 319 1619 Imperat,
331 1563 450 1601 extremo
463 1550 509 1601 sed
520 1549 594 1599 obest
605 1565 621 1599 a
632 1566 740 1601 munere
751 1549 825 1601 bsssts'

188 1622 293 1691 Infelix
304 1619 430 1678 coniunx,
440 1633 489 1670 aec
498 1617 584 1668 adbuc
596 1634 614 1668 a
625 1618 705 1669 litore
716 1621 855 1687 longeest.

190 1688 237 1741 Sic
248 1688 330 1751 latus,
345 1702 444 1753 parvos
454 1688 558 1738 iuvenis
571 1687 667 1753 procul
679 1686 796 1752 adspicit
806 1689 896 1757 ignes,

192 1760 297 1824 Corpus
307 1758 359 1808 vile
369 1758 434 1819 suis,
445 1754 518 1806 nullo
531 1755 654 1819 custode,
667 1762 829 1808 cremantes.

132 1827 184 1879 145
196 1828 262 1879 lnde
274 1828 346 1893 rapit
356 1824 488 1886 flarnmas,
495 1826 678 1892 semiustaque
688 1824 791 1876 robora
799 1824 932 1879 membris

190 1896 361 1958 Subducens,
374 1894 563 1960 eraecumque
573 1910 608 1955 es,
621 1896 667 1957 ait,
678 1896 809 1961 neglecta,
820 1910 870 1947 nec
879 1892 931 1949 sid

192 1965 266 2017 Cara
277 1975 333 2026 tuo,
344 1964 390 2014 sed
399 1964 527 2029 Pompeio
537 1962 646 2032 felicior
660 1963 762 2025 scrabra,

192 2034 271 2098 Quod
279 2035 333 2085 iarn
350 2032 524 2100 compositam
539 2031 623 2083 violat
637 2049 731 2084 suanus
747 2032 855 2100 bospite
866 2032 914 2085 bu·

665 2111 745 2162 stum,

190 2170 237 2221 Do
247 2172 367 2223 reniam.-
386 2171 486 2237 siquid
497 2186 587 2222 sensas
594 2181 657 2237 post
663 2172 732 2240 soto
743 2170 870 2223 relictum
880 2178 932 2235 est,

130 2241 181 2290 150
194 2239 272 2291 Cedis
288 2250 314 2291 et
334 2241 394 2307 ipsa
409 2257 485 2308 rogo,
499 2238 656 2307 poterisqsie
675 2239 745 2357 Ιιιιεῗι
759 2241 859 2293 damae
873 2256 932 2293 sss

662 2312 726 2374 pulc
746 2309 780 2371 ri,

194 2378 283 2442 Teque
292 2380 386 2444 pudet,
397 2375 499 2443 sparsis
510 2376 634 2442 Pompeii
644 2378 775 2438 monibus,
787 2378 842 2429 rsrs'.

192 2447 238 2496 Sic
248 2445 330 2509 fatur,
341 2446 489 2512 plenusque
501 2446 575 2496 sinus
586 2446 699 2497 ardente
710 2446 804 2499 favilla

190 2514 320 2566 Pervolat
330 2515 364 2565 ad
376 2521 514 2578 truncum3
533 2515 576 2581 qui
589 2512 674 2565 fluctu
685 2531 772 2581 paene
782 2516 889 2569 relatus

190 2584 286 2634 Litore
298 2583 441 2649 pendebat.
462 2581 586 2634 Summas
597 2583 710 2634 dimouit
722 2599 829 2647 arenas,

131 2652 182 2701 155
196 2653 233 2702 Et
245 2653 361 2702 collecta
375 2652 469 2718 procul
480 2652 588 2701 lacerae
601 2651 755 2719 fragmenta
766 2655 880 2705 carinae
