1950 3218
217 161 232 206 2
392 159 430 208 ul.
466 157 567 208 ANN.
604 159 785 210 LUCANI

269 278 334 337 lluis
346 277 430 338 furor,
444 293 459 327 o
474 280 555 338 ciros,
568 293 636 343 quae
649 285 726 327 truita
739 279 848 328 lieentia
858 278 934 342 ferri,

218 345 351 408 Gentibus
360 347 453 397 invisis
463 345 572 395 Latium
586 347 716 410 praebere
729 346 872 396 eruorem'l

177 414 363 480 leonumque
379 415 496 479 superba
512 415 584 464 soret
595 415 719 479 Babylon
737 415 876 480 spolianda
893 421 949 466 tro·

709 483 784 534 lraeis

215 551 348 612 Ausoniis,
359 552 509 617 umbraque
521 559 625 602 erraret
637 499 750 604 cralsus
760 553 853 611 inulta,

214 619 292 670 Bella
302 621 358 686 geri
371 620 473 685 placuit
483 621 569 671 nullos
580 620 705 672 habitura
716 620 885 687 triumplros‘l

213 689 277 739 Heu
289 694 418 754 quantum
428 694 519 739 terrae
532 692 620 754 potuit
631 691 772 758 pelagique
783 691 874 757 parari

212 758 289 819 Hoc,
303 771 381 822 quern
393 757 484 807 civiles
495 755 656 817 hauserunt,
669 762 813 827 sanguine,
826 760 950 822 (lernae,

172 827 202 874 15
215 826 291 877 Unde
302 827 377 875 venit
387 827 478 888 Titan,
490 833 518 877 et
527 826 582 878 nox
592 829 636 878 rbi
648 829 738 878 sidera
748 831 848 888 condit,

215 897 328 962 Quaque
340 894 397 946 dies
408 895 512 947 medius
523 895 699 964 flagrantibus
711 904 819 948 aestuat
830 896 912 958 horis,

215 965 249 1013 Et
261 979 315 1031 qua
324 963 429 1027 bruma,
440 966 531 1032 rigens
543 981 575 1016 ae
589 968 682 1016 nescia
691 983 755 1016 rere
767 969 876 1027 remitti,

212 1033 362 1099 Adstringit
371 1032 501 1099 Scythico
512 1035 655 1100 glacialem
666 1035 767 1101 frigore
777 1035 901 1100 pontum!

213 1099 269 1151 Sub
280 1103 344 1169 iuga
352 1103 406 1151 iam
418 1101 507 1164 Seres,
518 1105 573 1152 iam
582 1102 715 1154 barbarus
724 1106 791 1153 isset
802 1105 913 1163 Araxes,

169 1172 202 1218 20
213 1170 250 1220 Et
261 1185 328 1238 gens
339 1171 361 1220 si
372 1186 424 1238 qua
433 1173 507 1222 iacet
517 1172 639 1220 nascenti
653 1173 763 1220 conseia
773 1171 843 1220 Nilo.

213 1239 304 1301 'l¹uno‚
315 1241 339 1289 si
349 1244 440 1290 tantus
453 1255 529 1290 amur
540 1239 602 1290 belli
614 1238 676 1302 tibi,
688 1239 783 1301 Roma,
795 1239 913 1299 nefandi,

212 1308 314 1358 Totum
325 1308 374 1358 sub
386 1309 482 1359 Latias
492 1309 566 1377 leges
579 1325 659 1376 quum
671 1311 775 1360 miseris
789 1309 893 1370 orbern,

211 1377 241 1426 ln
252 1381 280 1426 te
291 1382 368 1426 verte
379 1392 485 1428 manus:
499 1378 617 1430 nondum
629 1378 679 1428 tibi
691 1379 777 1429 defuit
789 1377 882 1429 hostis.

212 1446 245 1495 At
254 1461 326 1496 nune
337 1447 472 1496 semirutis
479 1449 598 1513 pendent
609 1449 680 1514 quod
690 1450 797 1498 moenia
808 1452 888 1498 tectis

168 1514 201 1564 25
213 1513 330 1565 Urbibus
342 1515 446 1577 ltaliae,
457 1515 592 1583 lapsisque
604 1518 725 1584 ingentia
735 1519 818 1567 muris

211 1581 285 1633 Saxa
295 1584 399 1644 iacent,
417 1585 542 1652 nulloque
556 1586 651 1636 domus
668 1587 782 1637 custode
793 1596 886 1636 tenen·

684 1666 736 1717 tur,

209 1721 297 1772 Rarus
308 1727 336 1772 et
348 1723 465 1788 antiquis
477 1721 616 1774 habitator
626 1727 652 1775 in
664 1725 775 1775 urbibus
787 1733 868 1786 errat,

209 1790 330 1842 Horrida
349 1791 421 1853 qood
443 1792 543 1856 dumis,
560 1795 713 1862 multosque
724 1796 830 1844 inarata
843 1811 890 1859 per
901 1811 946 1844 an-

683 1878 732 1913 nos

209 1928 346 1993 lrlusperia
356 1936 407 1992 est,
415 1929 565 1997 desuntque
577 1933 850 1995 manusposeentibus
864 1935 944 1993 arvis,

167 1997 203 2046 30
211 1997 273 2062 Nou
284 2004 323 2061 iu,
334 1997 442 2064 Pyrrhe
453 1999 545 2060 ferox,
557 2015 607 2049 nec
619 2001 702 2048 tantis
715 1999 835 2052 cladibus
849 2007 946 2052 auctor

209 2065 319 2118 Poenus
330 2069 394 2118 erite
406 2069 471 2118 nulli
481 2070 589 2134 penitus
603 2068 754 2120 discindere
765 2069 838 2120 forro

210 2136 340 2203 Contigit:
354 2136 409 2187 alta
421 2135 517 2186 sedent
529 2137 612 2190 civilis
622 2139 734 2190 vulnera
745 2140 866 2187 dextrae.

209 2205 288 2267 Quod
299 2206 323 2256 si
332 2220 386 2256 non
399 2207 479 2259 aliam
489 2213 604 2258 venturo
616 2205 675 2258 fata
686 2207 788 2257 Neroni

209 2277 339 2326 invenere
350 2275 430 2337 nani,
442 2289 594 2343 magnoque
606 2283 717 2328 aeterua
728 2281 859 2340 parantur

165 2343 200 2391 35
210 2344 305 2412 Regna
314 2345 386 2406 deis,
400 2345 558 2412 coelumque
570 2360 619 2394 suo
631 2345 731 2394 servire
743 2347 847 2394 tonanti

206 2411 328 2480 Nonnisi
340 2427 483 2465 saevorum
495 2414 585 2480 potuit
596 2417 658 2477 post
668 2411 739 2463 bella
749 2414 897 2481 gigantum,

207 2481 262 2531 lam
273 2479 347 2545 nihil,
359 2498 375 2536 o
386 2486 490 2548 superi,
503 2483 653 2548 querimur:
666 2483 770 2534 scelera
780 2486 840 2550 ipsa
852 2485 929 2539 nolas

680 2568 730 2604 (ue

206 2619 267 2668 Hac
276 2616 402 2671 mercede
413 2621 534 2686 placent:
547 2621 620 2674 diros
632 2571 773 2675 Phdrsaua
784 2638 895 2690 euripos

203 2687 327 2752 impleat,
340 2693 367 2738 et
377 2687 461 2742 Poeni
475 2697 630 2745 sanaremur
641 2695 770 2759 sanguine
781 2690 885 2753 matrem
