1956 3106
219 157 503 209 PHARSALI'A.
539 160 627 210 LlB.
652 161 708 211 lll.
797 160 832 212 δ’(

95 277 213 338 Effatur,
223 292 312 327 merso
323 277 463 328 violatain
476 279 577 328 robora
587 278 673 329 ferro:
839 280 894 331 435

98 348 155 403 iarn
165 363 198 398 ne
209 345 267 411 quis
276 351 392 397 oestrrtm
405 347 508 396 dubitet
520 347 672 397 subvertere
683 347 785 411 siloam,

98 414 204 466 Credite
214 431 255 465 me
262 415 363 485 fecisse
374 416 460 484 nesus.
481 417 559 466 Tunc
570 417 661 482 paruit
672 417 757 468 omnis

95 485 218 551 Imperiis
230 499 284 534 non
295 484 403 534 sublato
416 500 512 535 secura
522 500 623 550 pavore

97 554 199 615 Turba,
211 553 259 604 sed
271 567 390 618 expensa
401 569 561 620 superorum
573 560 601 604 et
611 554 735 605 Caesaris
744 551 794 605 ira.

96 622 282 673 Procumbunt
293 624 360 685 orni,
373 622 478 673 nodosa
488 623 634 689 impellitur
643 623 707 685 ilex,
840 625 892 672 440

97 690 223 759 Silvaque
234 691 372 753 Dodones,
386 697 414 741 et
424 690 551 743 fluctibus
562 694 652 758 aptior
662 691 747 755 alnus,

95 761 132 812 Et
142 775 196 810 non
206 760 328 826 plebeios
339 761 427 811 luctus
437 767 540 811 testata
552 777 705 828 cupressus,

96 831 165 879 Tum
177 831 292 894 primum
303 843 417 894 posuere
429 845 530 891 comas,
543 836 570 880 et
581 830 677 881 fronde
690 835 815 882 carentes
838 845 839 848 ’

94 899 231 950 Admisere
242 899 326 949 diem:
341 898 523 965 propulsaque
533 899 633 950 robore
645 899 728 951 denso

95 965 228 1019 Sustinuit
238 983 267 1018 se
279 968 346 1018 silva
358 969 466 1017 cadens.
487 967 620 1018 Gemuere
630 968 752 1020 videntes
839 969 895 1020 445

96 1036 234 1088 Gallorum
246 1037 352 1103 populis
367 1037 450 1085 muris
462 1037 509 1086 sed
521 1036 613 1087 clausa
622 1038 747 1090 iuventus

94 1105 228 1156 Exsultat.
249 1108 314 1166 Quis
325 1107 396 1155 enim
407 1106 496 1155 laesos
507 1106 616 1170 impune
628 1111 736 1170 putaret

93 1176 162 1225 Esse
174 1174 258 1224 deest
270 1173 368 1224 Servat
376 1174 476 1223 multos
488 1173 599 1224 fortuna
609 1180 751 1224 nocentes:

93 1245 131 1294 Et
143 1249 247 1292 tantum
257 1243 363 1292 miseris
374 1243 456 1294 irasci
467 1244 577 1292 numina
587 1249 708 1309 possunt.

96 1314 184 1378 thue
196 1313 261 1362 satis
274 1312 347 1361 caesi
357 1313 483 1373 nemoris,
495 1313 617 1378 quaesita
628 1327 678 1377 per
689 1327 769 1378 agros
838 1311 893 1362 45o

94 1380 222 1431 Plaustra
233 1379 337 1431 terunt:
350 1396 485 1448 curvoque
497 1381 547 1430 soli
559 1383 690 1431 cessantis
702 1386 794 1432 aratro

93 1449 235 1517 Agricolae
245 1451 331 1517 raptis
342 1466 440 1500 annum
455 1448 553 1501 flevere
564 1451 693 1500 iuvencis.

144 1518 208 1569 Dux
218 1526 317 1582 tamen,
327 1520 471 1586 impatiens
483 1517 591 1570 haesuri
603 1520 637 1570 ad
648 1521 756 1571 moenia
766 1520 873 1583 Martis,

92 1589 195 1641 Versus
208 1589 242 1638 ad
254 1590 391 1655 Hispanas
403 1591 476 1640 acies
489 1595 665 1656 extremaque
675 1590 776 1653 mundi,

92 1658 174 1708 lussit
182 1658 254 1718 bella
263 1660 329 1725 geri.
348 1657 469 1709 Stellatis
481 1659 576 1709 axibus
588 1674 672 1725 agger
837 1659 889 1708 455

92 1727 221 1793 Erigitur,
232 1729 406 1795 geminasque
418 1734 566 1795 aequantes
577 1728 685 1778 nreenia
694 1733 784 1779 turres

91 1796 209 1861 Accipit:
226 1793 277 1846 hac
289 1796 360 1845 nullo
372 1798 489 1846 fixerunt
500 1797 599 1847 robore
610 1803 719 1857 terram,

92 1864 146 1916 Sed
159 1880 206 1930 per
216 1866 269 1914 iter
279 1864 389 1931 longum
401 1881 497 1916 caussa
506 1880 616 1932 repsere
627 1865 731 1915 latenti.

92 1936 159 1984 Cum
170 1938 276 1981 tantum
286 1938 395 1983 nutaret
405 1949 481 1995 onus,
494 1935 597 1984 telluris
608 1935 702 1984 inanes

91 2003 266 2054 Concussisse
278 2001 350 2050 sinus
363 2010 535 2067 quaerentem
548 2018 687 2068 erumpere
699 2007 809 2054 rentum
839 2001 893 2052 46⁰·

92 2070 221 2132 Credidit,
234 2075 262 2120 et
272 2084 362 2119 muros
374 2072 473 2120 mirata
485 2079 527 2122 est
537 2079 610 2123 stare
620 2074 753 2122 iuventus.

91 2142 167 2191 lllinc
179 2139 233 2190 tela
245 2139 345 2190 cadunt
357 2140 478 2189 excelsas
489 2142 600 2190 urbisin
613 2156 698 2190 arces.
797 2201 800 2206 .

91 2209 145 2260 Sed
157 2211 246 2259 maior
258 2209 342 2259 Graio
354 2209 476 2258 Romana
485 2209 512 2258 in
524 2223 642 2274 corpora
652 2208 725 2258 forro

90 2279 139 2331 Vis
149 2280 246 2329 inerat.
265 2278 359 2345 Neque
372 2279 442 2328 enim
453 2277 517 2328 solis
529 2292 644 2328 excussa
656 2277 766 2326 lacertis

91 2348 211 2410 Lancea,
223 2348 270 2399 sed
283 2354 361 2398 tenso
372 2347 497 2398 ballistae
509 2347 615 2397 turbine
627 2351 714 2410 rapta,
836 2347 888 2398 465

90 2417 172 2466 Haud
184 2433 265 2466 unum
279 2423 408 2468 contenta
417 2417 488 2467 latus
500 2417 625 2476 transire,
638 2415 764 2481 quiescit:

92 2485 835 2554 Sedpandensperquearmaviam‚perqueossa‚relicta

89 2554 191 2614 Morte,
202 2554 283 2623 fugit:
300 2561 425 2623 superest
435 2556 489 2606 telo
502 2563 565 2622 post
574 2554 685 2604 vulnera
697 2569 799 2606 cursus.

89 2625 124 2672 At
135 2638 230 2673 saxum
242 2626 347 2691 quoties
358 2625 462 2692 ingenti
472 2625 592 2675 retheris
604 2629 667 2674 actu

88 2691 244 2755 Excutitur,
257 2696 343 2760 qualis
354 2709 445 2760 rupes,
458 2710 539 2761 quam
549 2694 652 2745 vertice
664 2694 763 2744 montis
834 2693 889 2740 lte
917 2704 921 2713 ¹
