1956 3106
154 167 187 216 oo
324 169 363 218 Μ.
398 166 498 218 ΑΝΝ.
535 165 725 218 LUCANI

153 288 240 353 Atque
250 289 279 336 in
288 291 409 336 transtra
416 286 524 347 cadunt,
531 293 559 336 et
566 288 647 336 remis
654 293 768 352 pectora
772 286 894 356 pulsant.

154 358 190 405 Ut
201 357 316 421 primum
326 358 421 406 rostris
433 365 596 421 crepuerunt
608 356 686 405 obvia
697 361 801 405 rostra:

31 420 33 431 '
93 423 144 474 545
155 425 185 474 ln
196 426 306 491 puppim
316 426 422 475 rediere
433 431 515 487 rates,
527 427 678 490 emissaque
688 424 743 477 tela

153 495 224 544 Aera
234 500 370 554 texerunt,
380 508 548 561 vacuumque
562 494 687 543 cadentia
697 499 819 558 pontum.

153 563 255 613 Etiam
265 563 381 613 diductis
392 562 541 612 extendunt
551 576 653 612 cornua
663 564 759 628 proris,

153 631 338 698 Diversaeque
350 636 423 680 rates
432 630 526 680 laxata
537 631 622 680 classe
633 636 769 696 receptae.

154 701 199 762 Ut,
211 702 317 768 quoties
329 704 406 749 aestu
418 697 552 764 Zephyris
562 700 676 749 Eurisve
688 707 830 766 repugnat,

95 767 145 820 550
157 769 220 818 Huc
232 769 333 818 abeunt
343 766 450 829 fluctus,
461 768 524 818 illue
533 783 621 818 mare:
637 769 685 829 sic,
697 768 743 817 ubi
754 785 860 836 puppes

155 835 266 887 Sulcato
278 838 369 886 varios
380 837 515 887 duxerunt
525 839 631 904 gurgite
642 843 756 898 tractus,

157 906 236 965 tluod
246 905 309 955 tulit
317 906 364 955 illa
374 907 441 956 ratis
452 908 542 968 remis,
555 904 623 956 haec
634 905 733 971 repulit
745 921 857 973 aequor.

155 972 209 1024 Sed
223 974 312 1026 Graiis
322 973 425 1025 habiles
436 990 606 1042 pugnamque
617 975 752 1024 lacessere
763 978 841 1041 pinus

155 1044 192 1093 Et
202 1050 309 1095 tentare
321 1044 423 1112 lugam,
434 1061 485 1095 nec
496 1045 577 1111 longo
589 1043 715 1110 frangere
726 1059 796 1110 gyro

94 1110 145 1162 555
158 1113 280 1176 Cursum,
292 1130 342 1164 nec
353 1114 431 1164 tarde
443 1113 563 1164 flectenti
574 1113 671 1165 cedere
684 1113 770 1162 clavo.

154 1183 189 1232 At
199 1183 322 1233 Romana
332 1185 398 1233 ratis
409 1184 533 1233 stabilem
546 1182 676 1248 praebere
688 1184 809 1232 carinam

156 1253 270 1314 Certior,
282 1259 310 1303 et
320 1260 410 1303 terrae
422 1253 534 1303 similem
545 1251 706 1304 bellantibus
717 1267 804 1302 usum.

155 1322 233 1371 Tunc
244 1322 271 1370 in
283 1321 413 1388 signifera
424 1322 554 1372 residenti
563 1335 654 1387 puppe
664 1321 795 1386 magistro

154 1389 255 1440 Brutus
267 1392 317 1440 ait:
329 1389 474 1442 Paterisne
484 1391 557 1440 acies
568 1406 661 1441 errare
669 1390 817 1460 profundo,

93 1456 144 1506 560
156 1457 268 1508 Artibus
279 1468 305 1508 et
316 1468 405 1509 certas
413 1458 528 1524 pelagi?
544 1458 602 1510 lam
615 1474 721 1510 consere
733 1459 841 1510 bellumr

153 1525 294 1577 Phocaicis
306 1527 406 1577 taedius
418 1527 513 1578 rostris
525 1544 626 1594 oppone
637 1528 755 1579 carinus.

153 1596 256 1655 Paruit,
268 1595 390 1663 obliquas
403 1601 431 1646 et
440 1596 567 1661 praebuit
577 1595 700 1647 hostibus
712 1597 797 1649 alnos.

154 1665 232 1713 'l‘uuc
244 1679 428 1731 quaecumque
439 1667 505 1715 ratis
517 1666 632 1716 tentarit
641 1666 744 1718 robora
752 1667 841 1730 Bruti,

153 1733 212 1782 letu
223 1734 296 1782 ricta
306 1749 355 1784 suo
368 1749 498 1798 percussa
507 1740 536 1784 et
547 1740 628 1800 capta
640 1733 770 1786 cohaesit

93 1799 143 1851 565
154 1803 202 1851 Ast
213 1801 279 1852 alias
290 1804 466 1870 manicaeque
477 1803 571 1870 ligant,
584 1811 739 1872 teretesque
750 1812 874 1870 catenae,

154 1868 243 1938 Seque
254 1876 348 1922 teuent
358 1874 450 1923 remis:
467 1879 541 1923 tecto
553 1874 630 1923 stetit
645 1889 762 1941 aequore
778 1874 890 1926 bellum.

205 1941 262 1989 lam
275 1957 328 1990 non
341 1943 461 1992 excussis
472 1949 632 2009 torquentur
643 1944 699 1994 tela
710 1942 829 2007 lacertis,

155 2007 213 2059 Nee
225 2009 372 2077 longinqua
382 2011 482 2061 cadunt
492 2012 611 2061 iaculato
623 2012 734 2062 vulnera
744 2012 832 2063 serrat

153 2078 356 2146 Miscenturque
367 2096 470 2129 manus.
498 2080 594 2130 Navali
605 2081 720 2146 plurima
728 2081 798 2130 bello

92 2145 143 2196 570
154 2148 234 2197 Ensis
245 2149 309 2214 agit.
337 2147 399 2198 Stat
410 2151 520 2216 quisque
532 2165 597 2199 suae
608 2149 642 2200 de
653 2150 751 2200 robore
762 2148 862 2214 puppis

152 2217 259 2267 Pronus
270 2219 297 2266 in
309 2218 438 2269 adversos
448 2219 532 2269 ictus:
548 2218 665 2285 nullique
676 2217 809 2284 perempti

151 2286 182 2335 ln
194 2287 297 2337 ratibus
309 2288 432 2338 cecidere
444 2288 508 2338 suis.
536 2289 621 2338 Cruor
633 2287 702 2336 altus
713 2287 741 2336 in
751 2283 830 2335 undis

153 2352 275 2420 Spumat,
288 2363 317 2406 et
327 2357 438 2407 obducti
449 2362 578 2407 concreto
590 2357 718 2422 sangiune
728 2352 836 2405 fluctus.

149 2425 186 2473 Et
197 2441 263 2491 quas
274 2427 386 2477 immissi
396 2431 538 2476 traxerunt
547 2425 652 2474 vincula
662 2422 736 2486 ferri,

88 2491 139 2540 575
149 2494 209 2543 Has
220 2492 365 2559 prohibent
374 2497 448 2562 iungi
460 2499 585 2544 conserta
595 2493 730 2544 cadavera
739 2507 853 2561 puppes.

150 2559 326 2613 Semianimes
339 2565 384 2614 alii
393 2571 499 2614 rasmm
510 2563 615 2612 subiere
627 2561 800 2627 profundum,

147 2630 359 2699 Hauseruntque
372 2649 420 2683 suo
437 2633 598 2698 permixtum
614 2633 744 2699 sanguine
761 2639 884 2699 pontum.

131 2695 135 2704 '
148 2698 192 2759 lli,
199 2700 345 2752 luctantem
357 2704 474 2752 animam
484 2701 557 2750 lenta
564 2715 624 2750 eum
635 2712 723 2752 morte
734 2701 885 2765 trahentes,
