1956 3106
197 178 248 228 sor
371 176 408 226 iu.
444 175 546 226 ann.
583 138 764 227 reuolui

197 298 336 363 Expertus
348 298 462 346 cessisse
473 296 537 345 deo:
551 295 717 362 fluctusque,
727 295 861 346 verendos

200 366 346 427 Classibus,
359 367 457 432 exigua
467 371 560 430 sperat
571 380 699 431 superare
711 367 812 414 casilia.

254 433 382 485 Solverat
392 448 529 484 armorum
540 432 626 483 fessas
639 449 693 482 nox
704 432 832 501 languida
842 448 924 484 curas

136 505 192 555 505
204 505 289 554 Parta
300 505 375 569 quies
385 503 502 562 irriseris,
513 503 542 552 in
553 517 667 569 quorum
680 508 794 568 pectora
803 517 900 553 somno

185 568 190 575 ’
202 574 258 623 Dat
269 574 339 621 vires
350 570 461 620 fortuna
471 573 567 622 minor.
596 572 652 620 lam
664 580 756 621 costra
767 572 893 631 silebant,

202 643 299 692 Tertia
308 642 363 689 iam
374 640 468 706 vigiles
480 646 667 690 commoverat
679 638 748 690 hora
759 640 910 690 secundos:

203 714 304 761 Caesar
315 709 432 759 sollicito
445 725 493 774 per
503 716 582 759 vasta
591 710 699 759 silentia
709 725 804 776 gressu

203 780 256 831 Vix
267 777 374 828 lamulis
387 778 512 827 audenda
522 785 616 844 parat:
636 781 794 846 cunctisque
807 778 920 838 relictis,

141 847 193 898 510
207 847 271 897 Sola
282 847 373 912 placet
384 848 507 897 Fortuna
518 850 618 897 comes.
649 849 784 898 Tentoria
793 854 939 915 postquam

203 918 346 982 Egressus,
358 916 468 982 vigilum
480 931 575 966 somno
588 916 713 967 cedentia
724 917 847 967 membra

203 985 360 1045 transiluit,
375 991 485 1052 questus
496 987 580 1035 tacite
592 986 664 1052 quod
675 985 769 1036 tallere
780 990 883 1050 posset.

202 1054 301 1105 Litora
313 1069 396 1103 curva
404 1054 479 1120 legit,
490 1056 638 1121 primisque
647 1056 750 1104 invenit
760 1057 787 1104 in
799 1054 889 1115 undis,

204 1124 325 1191 Rupibus
337 1126 424 1174 exesis
435 1123 593 1174 haerentem
604 1123 677 1186 fune,
690 1125 818 1173 carinam.

144 1193 195 1244 515
206 1194 351 1243 Rectorem
364 1193 555 1260 dominumque
566 1195 633 1243 ratis
645 1209 743 1243 secura
754 1193 867 1243 tenebat

205 1263 286 1312 Haud
297 1263 392 1329 procul
402 1263 464 1313 inde
476 1263 581 1325 danius,
592 1277 646 1313 non
657 1263 711 1312 ullo
723 1262 823 1312 robore
834 1260 914 1324 fulta,

205 1332 259 1382 Sed
270 1332 353 1381 sterili
365 1334 455 1391 iunco,
468 1347 608 1399 cannaque
618 1333 724 1382 intexta
735 1332 858 1397 palustri,

204 1403 240 1451 Et
251 1402 323 1451 latus
332 1403 441 1451 inversa
451 1401 552 1451 nudum
562 1402 666 1451 munita
677 1399 798 1467 phaselo.

203 1472 282 1521 Haec
295 1472 397 1519 Caesar
405 1471 448 1519 bis
459 1476 555 1536 terque
567 1484 648 1520 manu
658 1471 816 1537 quassantia
827 1474 933 1520 tectum

143 1538 194 1588 520
207 1539 315 1588 Limina
327 1541 482 1588 commovit.
513 1539 589 1588 Molli
602 1541 741 1606 consurgit
751 1538 889 1603 Amyclas,

204 1609 291 1667 Quem
304 1607 387 1656 dabat
398 1608 468 1674 alga,
480 1613 551 1658 toro.
574 1606 703 1668 Qisisnsm
711 1608 942 1677 rneoaousrogos,

675 1680 701 1727 ln
722 1680 769 1737 uit,

206 1744 290 1796 Tecto
299 1744 391 1810 petit?
420 1755 469 1796 ortt
481 1762 557 1813 quem
571 1756 679 1798 nostroe
692 1693 816 1799 dorsum
829 1746 920 1818 coegit

204 1814 344 1865 ,lanitium
356 1829 465 1879 sperare
477 1818 572 1866 cosae?
602 1814 740 1878 stolatus,
752 1817 785 1866 ab
798 1816 854 1866 alto

204 1886 317 1951 Aggere,
329 1884 383 1932 iam
397 1885 505 1950 tepidae
516 1886 623 1936 sublato
632 1885 696 1936 fune
709 1885 827 1945 favillae,

143 1953 194 2002 525
207 1952 357 2003 Scintillam
367 1960 476 2004 tenuem
488 1961 640 2005 commotos
650 1957 725 2021 parit
737 1957 764 2005 in
776 1956 867 2022 ignes:

204 2021 321 2072 Securus
329 2022 406 2072 belli:
417 2025 546 2089 praedam
560 2024 681 2075 civilibus
693 2026 775 2074 armis

203 2091 261 2141 Scit
273 2106 325 2140 non
338 2105 398 2142 esse
409 2108 494 2143 rasus.
524 2094 546 2142 0
558 2095 630 2144 vitae
643 2099 703 2143 tuta
713 2093 830 2143 facultas

204 2162 347 2226 Pauperis,
358 2164 519 2228 aegrotique
528 2162 614 2213 lares!
634 2178 649 2212 o
662 2178 776 2213 munera
787 2163 909 2213 nondum

203 2231 346 2280 intellecta
358 2231 450 2280 deum!
473 2232 576 2292 Quibus
589 2233 641 2282 boo
653 2234 811 2300 contingere
825 2231 943 2299 templis,

143 2300 193 2350 530
203 2301 256 2350 Aut
268 2303 358 2366 potuit
367 2302 457 2361 minis,
469 2301 541 2350 nullo
554 2301 691 2367 trepidare
701 2303 827 2362 tumultu,

204 2371 340 2420 Caesarea
352 2370 474 2436 pulsante
486 2369 585 2420 niariul
613 2372 684 2420 Tum
695 2379 774 2437 poste
785 2373 902 2432 reclusa,

203 2439 267 2489 [lux
280 2441 331 2488 ait:
351 2438 490 2504 Exspecto
502 2441 570 2490 sotis
580 2440 684 2491 maiora
694 2441 829 2500 modestis,

204 2508 322 2575 Spesque
334 2519 395 2558 trias
406 2509 479 2570 luxa,
490 2509 603 2560 iuvenis.
629 2509 666 2572 si,
677 2510 751 2560 iusso
762 2519 879 2570 secutus,

203 2577 247 2627 Me
259 2577 330 2628 celtis
342 2577 510 2642 Hesperiam,
522 2596 574 2630 non
586 2580 661 2629 altro
672 2587 770 2630 casneto
782 2578 896 2630 cassare

136 2644 192 2694 535
204 2646 328 2706 Debebis,
340 2647 492 2698 irronilume
504 2647 608 2713 inopem
621 2648 728 2699 duxisse
740 2657 888 2704 senectam.

204 2715 245 2764 ll'e
257 2731 329 2764 resse
340 2718 470 2781 praetere
482 2719 529 2766 des
542 2726 590 2766 tiso
597 2718 673 2786 fato,
686 2719 787 2769 solenti
