1956 3106
153 158 185 207 82
325 158 362 207 M.
399 157 501 207 A'NN.
538 156 715 208 LUCANI

206 278 317 343 Detegit
330 283 391 328 orta
401 277 459 327 dies
471 282 574 327 stantes
585 277 612 325 in
625 277 734 341 rupibus
747 276 846 338 Istros,

92 347 143 396 530
153 347 348 413 Pugnacesque
359 347 427 395 mari
440 346 523 396 Graia
536 360 596 394 cunr
607 345 692 394 classe
703 344 854 396 Liburnost

155 417 309 466 Tentavere
319 416 394 480 prius
405 429 536 480 suspenso
547 415 655 463 vincere
666 414 737 463 bello

154 484 330 546 Foederibus,
343 484 422 533 fieret
433 485 520 549 captis
531 485 553 532 si
565 482 669 532 dulcior
679 484 739 548 ipsa

154 554 251 604 Mortis
262 554 318 602 vita
329 566 414 602 mora.
434 550 532 601 Stabat
542 551 641 601 devota
650 553 784 613 iuventus,

153 622 291 671 Damnata
299 623 354 670 ianr
363 621 423 670 luce
434 619 521 681 ferox,
533 635 681 686 securaque
692 636 798 687 pugnae

93 689 143 739 535
154 690 294 740 Promisso
306 690 356 740 sibi
366 689 419 739 tine
431 703 525 738 manu:
536 688 653 755 nullique
662 690 793 738 tumultus

153 761 307 809 Excussere
319 760 383 807 viris
394 763 499 808 mentes
511 757 545 806 ad
556 773 660 807 summa
670 765 792 823 paratas:

154 829 363 893 Innumerasque
376 827 453 875 simul
464 828 544 892 pauci
555 833 681 893 terraque
693 828 814 892 marique

155 895 312 946 Sustinuere
323 910 431 945 manus:
447 901 525 945 tanta
535 901 577 946 est
587 895 686 944 fiducia
698 897 801 946 mortis.

155 967 242 1031 thue
255 967 321 1015 satis
331 965 403 1015 bello
414 965 499 1017 visum
512 971 554 1014 est
563 963 672 1014 fluxisse
685 966 798 1027 cruoris,

95 1034 145 1083 540
156 1035 259 1085 Versus
271 1033 305 1084 ab
316 1032 396 1084 hoste
406 1032 495 1083 furor:
508 1035 608 1098 primus
619 1033 674 1083 dux
684 1035 742 1099 ipse
754 1036 865 1084 carinae

154 1103 277 1154 Vulteius
287 1103 379 1170 iugulo
390 1117 505 1169 poscens
515 1104 570 1151 ianr
581 1101 639 1153 fata
649 1107 764 1164 retecto,

152 1172 265 1240 Ecquis,
279 1174 329 1222 ait:
341 1172 464 1222 iuvenum
476 1181 523 1232 est,
536 1172 611 1221 cuites
622 1172 658 1221 sit
670 1172 766 1222 dextro
777 1188 880 1223 cruore·

153 1241 249 1311 Digna
260 1259 325 1301 meo,
337 1240 522 1308 certequtflde
531 1255 580 1305 per
590 1243 700 1291 vulnere
711 1250 803 1291 nostro

158 1310 283 1361 Testetur
295 1327 321 1362 se
334 1312 397 1360 celle
408 1309 494 1360 neeri?
512 1309 569 1359 Nee
581 1310 659 1375 plura
667 1309 760 1360 locuto

94 1379 143 1428 545
155 1381 270 1431 Viscera
281 1395 335 1429 non
347 1396 415 1429 unus
425 1377 581 1429 iamdudum
591 1379 718 1444 transigit
727 1380 807 1428 ensis.

155 1448 296 1498 Collaudat
307 1454 433 1497 cunctos:
449 1447 497 1498 sed
509 1462 579 1509 eum,
595 1449 637 1497 cui
648 1448 759 1498 vulnera
769 1449 859 1513 prima

153 1517 287 1577 Debebat,
298 1522 377 1583 grato
387 1518 505 1565 moriens
515 1517 646 1566 interficit
655 1518 720 1566 ictu.

155 1588 324 1635 Concurrunt
335 1586 388 1646 alii,
400 1590 540 1651 totumque
549 1587 578 1635 in
588 1585 710 1652 partibus
720 1587 780 1637 unis
824 1597 825 1602 ’

152 1655 289 1705 Bellorum
301 1654 392 1704 fecere
404 1654 488 1704 nefas.
519 1652 564 1704 Sic
575 1656 676 1705 senrine
687 1656 781 1705 Oadmi

92 1725 143 1774 550
155 1725 273 1774 Emicuit
282 1724 401 1774 Dircaea
412 1722 520 1785 cohors,
534 1724 686 1791 ceciditque
695 1740 806 1774 suorum

153 1793 324 1855 Vulneribus,
336 1794 422 1843 dirum
433 1791 574 1843 Thebanis
585 1791 714 1844 fratribus
726 1808 819 1858 omen;

152 1861 285 1913 Phasidos
299 1870 326 1912 et
337 1864 439 1927 campis
448 1864 565 1912 insomni
575 1862 655 1913 dente
668 1864 753 1913 creati

153 1933 328 1998 Terrigenae,
341 1933 423 1981 missa
432 1931 545 1997 magicis
558 1945 573 1981 e
586 1930 709 1981 cantibus
718 1932 768 1994 ira,

154 2002 275 2067 Cognato
288 2007 379 2049 tantos
392 1999 561 2065 complerunt
572 2000 817 2067 sanguinesulcos:

92 2070 141 2118 555
154 2071 277 2136 Ipsaque,
288 2070 436 2134 inexpertis
448 2068 519 2134 quod
531 2070 646 2134 primum
657 2067 761 2118 fecerat
771 2067 874 2132 herbis,

152 2139 270 2205 Expavit
278 2137 378 2189 Medea
388 2137 473 2188 nefas.
493 2136 538 2187 Sic
547 2143 642 2186 mutua
651 2137 725 2202 pacti

151 2209 222 2258 Fata
229 2208 329 2258 cadunt
335 2208 459 2258 iuvenes:
470 2207 634 2272 nimiumque
640 2206 668 2254 iu
676 2211 764 2255 morte
769 2206 892 2257 virorum

151 2278 227 2326 Mors
253 2278 358 2327 virtutis
384 2274 479 2326 habet:
510 2276 613 2341 pariter
638 2279 814 2340 sternuntque
844 2291 894 2325 cao

621 2344 740 2410 duntque

153 2414 269 2465 Vulnere
279 2415 364 2466 letali:
380 2430 431 2464 nec
442 2429 604 2480 quemquam
615 2413 712 2464 dextra
721 2410 827 2476 fefellit,

90 2481 141 2530 500
152 2484 218 2534 Cum
229 2483 311 2534 feriat
319 2485 452 2534 moriente
461 2498 550 2532 manu.
573 2481 631 2534 Nec
641 2483 736 2534 vulnus
749 2483 854 2534 adactis

149 2551 273 2602 Debetur
284 2553 393 2621 gladiis:
411 2567 568 2618 percussum
581 2558 623 2603 est
634 2558 747 2619 pectore
758 2551 873 2614 ferrum,

152 2621 186 2671 Et
196 2622 294 2688 iugulis
303 2636 428 2687 pressere
437 2637 554 2671 uranum.
576 2623 642 2672 Cum
654 2628 729 2673 sorte
740 2628 853 2673 cruenta

90 2752 92 2756 v
149 2691 289 2741 Fratribus
299 2692 439 2741 incurrant
449 2689 558 2753 tratres,
568 2696 701 2757 nattrsque
710 2692 833 2757 .parenti;
