1956 3106
87 221 374 275 Pilaksahla.
411 223 500 274 LlB.
528 224 578 275 lv.
667 224 701 273 'll

64 359 79 401 r,
93 357 172 407 quam
184 342 297 393 tribuis:
309 342 408 409 corrrpie
416 349 561 408 prostrata
569 342 666 394 iacere⁴

67 420 186 462 anostra
195 421 287 477 paster:
297 427 379 476 aeque
390 410 458 462 enim
466 409 595 482 felicibus
607 413 690 463 armis

65 479 76 529 i
87 481 217 530 durrrnota
230 481 309 539 decet,
318 489 479 545 partemque
492 479 623 546 triumphi
710 481 760 533 360

64 550 151 619 :ferre
163 550 219 600 tui:
235 549 315 600 tarda
326 548 390 600 baec
400 550 522 621 causato
529 549 646 617 peregit.

64 619 158 678 rimas,
170 619 253 669 victos
263 636 295 670 ne
305 627 390 670 tecam
403 619 507 669 vincere
516 634 604 686 cogas.

65 694 142 738 crat:
155 695 184 738 at
195 689 295 738 Caesar
306 687 393 738 facilis
404 688 532 754 vultuque
544 703 656 739 serenus

64 774 102 817 ur,
116 762 197 823 atque
209 773 286 807 usum
296 756 360 808 belli
373 772 543 824 poenamque
554 759 676 809 remittit.

64 841 122 874 oum
133 827 221 876 iustae
230 826 391 892 placuerunt
401 825 515 876 foedera
525 829 607 892 pacis,
707 827 757 877 365

65 895 146 945 aditos
157 895 278 947 decurrit
289 896 365 946 miles
378 895 412 944 ud
424 911 530 957 anines3

65 965 98 1015 rit
110 965 184 1030 ripis,
196 966 382 1031 permissaque
393 963 503 1013 flumina
513 964 613 1014 turbat.

65 1050 113 1083 uus
127 1033 218 1084 multis
229 1033 379 1084 subitarum
390 1038 494 1083 tractim
506 1047 634 1100 aquarum

65 1118 96 1152 on
108 1118 204 1168 passus
215 1103 308 1152 vacuis
320 1103 472 1152 discurrere
483 1104 567 1162 venis,

65 1172 85 1221 it
96 1171 246 1237 clausitque
259 1172 388 1221 auinram:
399 1184 450 1220 nec
461 1168 567 1220 fervida
576 1171 659 1234 pestis
705 1169 755 1220 3Ἱο

65 1237 154 1290 dhuc:
167 1239 215 1289 sed
226 1239 337 1290 morbus
349 1254 431 1306 egeus
442 1240 496 1288 iam
507 1240 613 1306 gurgo'te
626 1238 711 1304 plenis

65 1309 121 1357 ibus
132 1308 183 1357 sibi
195 1309 283 1372 poscit
294 1323 386 1374 aquas.
416 1309 482 1358 Mox
494 1307 595 1357 robora
604 1309 700 1369 nervis,

65 1394 82 1426 rs
94 1376 199 1426 rediere
209 1377 282 1426 viris.
312 1378 334 1428 0
345 1378 460 1444 prodiga
471 1391 560 1427 rerum

65 1447 107 1505 les,
119 1460 263 1513 numquam
275 1461 358 1511 parvo
372 1453 500 1497 contenta
512 1451 617 1512 paratu,

66 1515 193 1565 esitorum
205 1521 278 1566 terra
288 1517 439 1584 pelagoque
451 1517 573 1566 ciborum
704 1517 736 1567 3¹(
739 1516 753 1567 5

65 1600 112 1634 osa
122 1583 217 1647 fames,
229 1591 257 1636 et
267 1585 357 1637 lautae
368 1587 455 1653 gloria
466 1601 584 1647 mensae,

65 1678 75 1716 =‚
88 1669 167 1721 quam
179 1670 262 1720 parvo
275 1655 357 1706 liceat
367 1656 519 1720 producere
531 1657 622 1716 sitam,

65 1729 135 1773 ntum
146 1729 245 1774 natura
255 1729 339 1791 petat.
368 1724 428 1776 Non
441 1727 520 1792 erigit
531 1739 627 1792 aegros

76 1794 170 1860 ignoto
182 1792 295 1843 diffissus
307 1794 416 1844 consule
428 1791 566 1844 Bacchus:

65 1878 100 1913 ‚ro
111 1859 274 1928 murrhaque
286 1861 393 1912 bibunt:
405 1863 453 1913 sed
463 1865 570 1930 gurgite
582 1878 650 1927 puro
704 1862 753 1912 380

65 1931 117 1980 dit.
139 1928 211 1980 Satis
224 1937 265 1980 est
275 1932 380 1997 populis
392 1931 540 1999 fluviusque
550 1932 692 1998 Ceresque.

68 1998 134 2062 seri,
147 2000 190 2065 qui
203 1999 274 2049 bella
286 2007 390 2066 gerunt.
420 2003 512 2062 Tunc,
529 2015 604 2050 arma
615 2001 692 2051 relin-

449 2085 516 2119 uens

70 2177 76 2200 ,
88 2137 165 2188 miles
174 2136 291 2203 spoliato
301 2143 413 2201 pectore
423 2086 498 2188 tffltus

66 2223 150 2275 usque
161 2221 234 2265 suas,
246 2221 370 2255 curarum
381 2205 458 2268 liber,
468 2208 496 2255 in
507 2206 588 2255 urbes
703 2205 753 2255 385

65 2285 112 2329 tur.
143 2277 165 2328 0
179 2281 307 2344 quantum
318 2274 420 2326 donata
429 2290 497 2340 pace
508 2272 623 2340 potitos!

68 2348 91 2396 is
102 2361 229 2414 umquam
241 2343 342 2395 ferrum
352 2343 466 2395 librasse
478 2343 588 2394 lacertis

66 2417 108 2477 rit,
120 2416 252 2466 tolerasse
264 2415 344 2476 sitim,
356 2413 510 2480 frustraque
521 2427 633 2479 rogasse

68 2485 179 2536 rebella
189 2484 263 2537 deos.
292 2482 396 2552 Nempe
407 2484 461 2533 usis
470 2483 560 2533 Marte
572 2480 692 2532 seeundo

65 2554 127 2605 biae
138 2561 242 2606 restant
254 2557 336 2617 acies,
348 2561 391 2606 tot
400 2556 428 2605 in
440 2554 507 2606 orbe
517 2551 639 2603 labores:

66 2639 153 2690 squam
164 2623 274 2676 iomuna
283 2625 358 2676 labet
368 2623 540 2676 successibus
551 2636 661 2689 anceps,
702 2620 752 2673 300

68 2693 130 2744 dum
143 2694 237 2745 toties:
248 2700 335 2746 terras
348 2693 500 2745 brudendus
509 2693 538 2744 in
549 2707 642 2745 (amnes

66 2780 113 2827 ior,
127 2769 154 2814 et
166 2764 266 2815 Caesar
274 2780 323 2831 per
333 2770 376 2815 tot
385 2779 435 2814 sua
445 2763 503 2815 fata
512 2761 664 2831 sequendus
