1956 3106
159 164 210 216 250
283 163 452 215 CARMEN
487 164 539 213 ΑΙ)
576 162 773 214 Pisonen.

158 283 306 334 Possumus
318 291 446 334 aeternae
457 298 554 335 nomen
565 284 734 332 committere
745 281 851 335 fanniam
938 326 941 333 .

159 349 188 403 Si
198 359 289 403 tamen
301 351 355 403 hoc
365 353 410 403 ulli
423 353 497 403 dese
509 352 668 418 promittere
679 350 721 400 ias
732 359 782 413 est,

156 420 194 472 Et
204 421 271 472 deus
280 422 353 473 ultor
364 422 449 473 abest.
484 420 615 488 Superest
626 421 747 470 animosa
757 420 896 487 voluntas,

94 490 147 539 240
153 490 269 558 Ipsaque
280 492 372 543 nescio
384 490 447 559 quid
459 505 535 540 mens
544 489 720 540 excellentius
731 489 822 540 audet.

157 560 201 609 Tu
210 561 284 610 nanti
297 560 428 626 protende
439 575 561 610 manum:
580 565 619 621 tu,
630 559 703 620 Piso,
714 557 844 609 latentem

155 627 269 679 Exsere.
288 629 346 681 Nos
356 627 463 679 humilis
474 629 571 679 domus
582 635 610 678 et
620 628 727 693 sincera
739 634 894 693 parentmn,

157 694 210 747 Sed
223 699 325 760 tenuis,
337 699 459 749 Fortuna
470 714 520 749 sua
530 697 644 765 caligine
656 696 736 747 celat

156 764 303 817 Possumus
313 768 447 834 impositis
458 772 541 835 caput
551 780 701 818 exonerare
710 765 831 817 tenebris

93 833 146 883 245
158 835 194 885 Et
205 834 293 886 iucem
303 841 430 903 spectare
441 852 549 899 novam,
560 837 583 887 si
594 834 656 903 quid
668 834 749 885 modo
760 834 851 886 iaetus

155 902 264 965 Adnuis,
275 911 303 955 et
313 906 414 957 nostris
423 905 580 968 subscribis,
593 904 716 966 candide,
726 904 808 954 votis.

154 971 206 1022 Est
217 971 291 1036 mihi,
304 975 395 1036 crede,
406 976 473 1025 meis
484 976 589 1025 animus
600 972 770 1024 constantior
782 972 875 1039 annis3

156 1041 286 1102 Quamvis
296 1060 366 1095 nunc
376 1043 492 1095 iuvenile
504 1044 588 1094 decus
597 1040 661 1092 mihi
674 1043 786 1110 pingere
794 1042 882 1095 mdes

155 1111 290 1176 Coeperit,
302 1120 330 1163 et
342 1112 459 1163 nondum
472 1113 601 1163 vicesimo
611 1111 716 1161 venerit
725 1120 825 1162 aestas.

92 1178 145 1228 250
158 1179 237 1240 Quod
248 1182 270 1231 si
282 1188 338 1231 tam
348 1181 453 1233 validae
466 1179 529 1231 mihi
541 1180 625 1231 robur
635 1180 733 1230 mentis
744 1180 857 1242 inesset,

155 1248 191 1298 Et
201 1248 302 1299 solidus
311 1252 413 1318 primos
423 1251 550 1316 impleret
560 1251 670 1316 spiritus
680 1264 775 1312 annos,

153 1317 287 1369 Auderem
298 1334 381 1371 voces
392 1335 441 1386 per
452 1321 572 1370 carmine
585 1324 679 1370 nostra
690 1317 803 1382 referre,

153 1384 227 1448 Piso,
239 1393 309 1438 tuas.
338 1386 392 1439 Sed
404 1387 478 1440 fessa
488 1388 562 1440 labet
573 1386 637 1439 mihi
650 1386 770 1455 pondere
787 1388 890 1451 cervix,

151 1454 189 1505 Et
199 1456 361 1507 tremefacta
371 1457 473 1508 cadunt
483 1459 590 1509 succiso
601 1456 703 1525 poplite
714 1455 845 1508 membra.

87 1519 142 1570 255
154 1512 199 1572 Sic
211 1540 262 1574 nec
273 1525 393 1576 olorinos
405 1526 488 1577 audet
499 1525 646 1577 Pandionis
658 1524 715 1576 ales

151 1590 242 1641 Parva
253 1592 356 1644 referre
368 1609 460 1656 sonos,
472 1610 531 1656 nec,
543 1596 566 1645 si
572 1595 637 1646 velit
647 1592 782 1660 improba,
792 1593 889 1663 possit.

153 1656 198 1709 Sic
209 1666 237 1710 et
248 1661 371 1713 Aedonia
380 1670 544 1730 superantur
554 1679 622 1715 voce
635 1663 756 1726 cicadae,

153 1727 273 1782 Stridula
284 1746 345 1782 cum
357 1732 452 1783 raoido
465 1732 570 1784 faciunt
581 1733 704 1785 convicia
713 1730 779 1784 Soli.

153 1798 244 1860 Quare
255 1816 316 1870 age,
328 1795 457 1869 Calliope,
471 1803 561 1869 posito
571 1804 706 1872 gravitate
716 1800 829 1865 forensi,

88 1864 144 1915 ‚260
155 1866 263 1921 Limina
275 1871 382 1922 Pisonis
394 1887 499 1923 mecum
510 1880 587 1940 pete:
606 1872 685 1940 ptura
694 1877 851 1938 supersunt,

155 1936 233 1998 Quae
243 1938 358 1992 laudare
369 1941 446 2006 velis,
456 1943 567 1994 inventa
576 1940 721 2011 penatibus
730 1940 805 2008 ipsis.

475 2194 590 2202 --..-.-
