1956 3106
211 170 499 262 nunns'nnsn.
534 211 697 265 bonvs.
775 212 825 266 eso
885 210 889 217 ’

87 329 264 383 Constrictae
271 334 397 399 plausere
409 346 513 390 rosanus,
524 343 679 398 camposque
687 331 794 398 piorum

88 399 184 451 Poscit
196 400 277 451 turta
288 415 390 452 nocens.
421 397 512 464 Regni
518 415 656 466 possessor
666 396 761 451 inertis

87 469 233 521 ,Pallentes
244 469 332 535 operit
345 468 426 528 sedes,
439 467 607 536 abruptaque
615 485 683 519 saxa
832 469 884 518 800

92 537 219 604 Asperat,
233 547 259 589 et
272 539 367 588 lurum
379 535 472 587 oirsclis
483 537 638 599 adamanta,
648 546 781 604 paratque

90 607 213 658 Poenam
224 606 330 657 uictori.
354 605 441 676 Refer
452 605 517 657 leaeo
527 607 625 658 solutio
636 617 731 667 tecum,

91 673 119 728 0
130 676 243 736 iuvenis,
252 675 358 741 placido
369 692 458 727 errones
466 684 624 744 patremque
637 677 792 743 domumque

88 743 263 812 Exspectare
275 745 343 806 siau,
354 744 483 813 regnique
494 744 522 796 iu
531 756 613 812 purte
622 750 716 798 serenet

91 814 222 880 Pompeio
234 831 341 865 seruere
352 817 446 865 locum.
475 812 629 882 Necglorio
640 830 745 882 paroae
833 811 884 863 805

93 882 228 935 Sollicitet
239 884 328 935 sitne:
346 882 443 943 reniet,
453 898 521 949 quae
532 883 643 937 misceat
653 900 741 937 ornnes

91 951 171 1004 Horu
184 954 268 1006 duces.
298 953 452 1020 Properate
461 951 538 1015 asari,
548 969 697 1020 magnoque
709 951 818 1019 superbi

91 1019 224 1085 Qussssris
235 1041 248 1074 e
256 1023 351 1089 porois
362 1022 451 1074 animo
462 1022 610 1073 descendite
621 1023 713 1084 locetis,
877 1021 879 1025 ’

90 1089 132 1142 Et
144 1090 327 1144 Rornanorum
340 1107 429 1142 serastes
441 1093 545 1143 calcate
557 1091 674 1142 deorum.

92 1157 176 1221 Quem
190 1164 318 1212 tumulum
332 1159 399 1221 Nili,
414 1176 489 1226 poem
499 1157 627 1228 Tybridis
638 1159 732 1212 alluat
742 1161 825 1229 uulda,
836 1159 888 1212 810

92 1227 257 1293 Quaeritur,
269 1240 296 1280 et
306 1231 415 1279 ducibus
426 1230 771 1300 tantunsslefunerepugno
782 1237 831 1279 est.

94 1294 138 1348 Tu
146 1298 240 1367 fatum
252 1316 284 1349 ae
296 1314 395 1364 posuere
407 1307 481 1348 tuum
493 1302 667 1365 cognoscere:
686 1299 807 1361 Parcae,

93 1365 138 1416 Me
150 1366 290 1428 reticente,
302 1366 400 1419 dulssnt
408 1366 468 1418 :tili
480 1367 580 1419 certior
593 1368 680 1420 omnia
692 1378 766 1418 untes

92 1435 154 1501 lpse
167 1445 245 1488 canet
257 1435 356 1488 Siculis
364 1437 475 1504 genitor
485 1436 629 1506 Pompeius
640 1438 668 1491 in
681 1437 770 1489 arcis:

92 1505 142 1557 llle
153 1521 256 1573 quoque
265 1506 392 1567 incertae,
404 1516 491 1572 quote
502 1517 586 1570 nocet,
598 1510 668 1561 sende
680 1509 801 1575 repellat,
833 1503 885 1556 815

92 1575 168 1637 Quas
178 1575 268 1628 iubent
279 1577 368 1627 citare
377 1577 486 1645 plagas,
499 1594 568 1644 quae
578 1577 668 1629 sideru
679 1575 779 1629 rnreneli.

92 1644 234 1713 Europam
246 1646 344 1708 miseri,
355 1645 529 1715 Libyamque,
541 1647 686 1716 Asiamque
698 1648 803 1699 tinute:
842 1642 848 1649 ’

92 1714 245 1767 Distribuit
257 1718 372 1767 trossulos
382 1716 478 1767 vestris
489 1717 615 1770 Fortuna
628 1716 780 1784 trisnnplsis.

95 1783 119 1836 0
131 1785 286 1837 miseranda
298 1787 397 1846 donnus,
410 1795 467 1837 toto
479 1786 548 1837 nitet
557 1789 620 1838 orbe
629 1786 728 1838 ridelis

96 1853 195 1906 Tutius
207 1854 346 1905 Esnutlria.
376 1853 421 1906 Sic
433 1862 576 1923 postquam
587 1856 646 1907 fota
656 1855 772 1922 peregit,
834 1852 886 1901 820

94 1922 157 1973 Stat
165 1923 241 1972 uoltu
252 1929 373 1974 nonestus
385 1925 480 1986 tacito,
491 1932 660 1993 mortemque
672 1923 800 1990 reposcit.

94 1991 264 2043 Carminibus
276 1992 389 2058 magicis
400 2008 467 2058 opus
479 2000 521 2043 est
531 1991 683 2061 herbisque,
695 1992 812 2043 cadaver

94 2063 130 2113 Ut
141 2060 231 2122 cadat,
244 2066 273 2109 et
285 2068 421 2126 noqueunt
432 2063 548 2112 animam
560 2063 609 2112 sibi
622 2063 736 2113 reddere
748 2060 815 2120 iata,

94 2133 243 2182 Consumto
253 2130 308 2180 iam
317 2128 377 2180 iure
387 2128 478 2180 semel.
508 2133 578 2180 Tum
590 2130 689 2181 robore
702 2129 787 2179 multo

93 2200 218 2251 Exstruit
229 2198 275 2249 illa
284 2212 394 2266 rogum:
412 2199 486 2248 venit
497 2198 640 2250 defunctus
650 2199 683 2248 od
694 2200 784 2264 ignes:
837 2195 889 2245 825

93 2272 216 2320 Accensa
225 2270 350 2320 iuvenem
362 2268 479 2334 positum
490 2273 564 2317 strue
574 2267 670 2334 linquit
680 2264 821 2326 Erichtho,

94 2339 218 2390 Tandem
230 2353 312 2406 passo
322 2337 406 2387 mosis
422 2335 560 2404 Sextoque
567 2336 827 2402 adcostropssentis

95 2410 119 2458 lt
130 2423 234 2459 comos:
253 2417 282 2458 et
294 2406 371 2458 coelo
382 2406 449 2457 lucis
460 2405 577 2457 ducente
588 2406 717 2467 colorem,

93 2477 167 2527 Dum
178 2476 282 2527 ferrent
292 2481 367 2526 tutos
377 2476 451 2526 intro
462 2477 582 2526 tentonia
592 2491 710 2543 gressus,

93 2546 171 2597 lusso
183 2552 275 2596 tenere
287 2545 358 2596 diem
371 2545 467 2596 densas
478 2558 532 2594 nox
543 2545 681 2613 praestitit
691 2543 808 2594 umbros¹

387 2691 604 2703 ..ιι-α’..-

944 2703 957 2747 s,
