1956 3106
162 151 453 203 PHARSALIA.
489 151 580 201 LlB.
604 150 691 202 vlll.
742 151 792 203 191

108 270 197 322 Noxia
210 271 280 321 cirili
290 271 369 322 tellus
381 271 517 336 Aegyptia
528 267 596 331 fato,

57 340 140 391 Haud
153 341 277 407 equidem
287 340 423 389 immerito
435 339 572 388 Cumanae
584 338 702 388 carmine
714 341 782 389 111811

59 411 188 472 Cautum,
199 425 233 459 ne
244 409 297 459 Nili
309 408 418 458 Pelusia
427 412 554 474 tangeret
566 421 613 456 ora
802 411 858 461 825

57 479 209 544 Hesperius
220 478 310 539 miles,
323 478 450 543 ripasque
461 482 566 526 aestate
577 481 722 526 tumentes.

60 548 189 608 Quidem
204 562 286 597 saeva
297 560 394 611 precer
406 551 455 612 pro'
465 550 543 595 tanto
554 546 666 595 crimine
676 546 774 596 tellus?

57 617 158 668 Vertat
170 631 254 682 aquas
265 614 341 664 Nilus
348 630 419 681 ‚quo
431 615 552 665 nascitur·
564 615 630 665 orbe
637 621 788 680 ‚retentus

57 687 94 735 Et
106 685 258 735 stenles
224 699 258 752 e
259 690 322 734 eant
334 683 452 734 hibernis
463 684 594 734 imbribus
605 685 672 752 agri,

58 756 203 820 ‘lotaque'
196 770 222 803 m
233 724 395 820 Aethiopum
407 759 501 820 putres
512 754 627 805 solvaris
640 768 744 805 arenas.
802 753 856 804 830

56 822 133 873 Nos
125 822 265 889 intemplo
275 829 350 873 tuam
361 824 486 873 Romana
496 825 650 889 accepimus
661 824 725 885 lsin,

57 891 268 960 Semicanesque
279 893 359 954 deos,
371 899 400 942 et
410 893 491 943 sistra
500 892 622 943 iubentia
632 892 730 955 luctus,

57 963 95 1011 Et
107 976 186 1028 quem
196 967 226 1012 tu
237 963 367 1030 plangens
379 961 515 1012 hominem
526 963 636 1012 testaris
649 963 752 1013 Osirin:

59 1032 102 1081 Tu
112 1037 235 1094 nostros,
247 1033 380 1097 Aegypte,
391 1036 468 1080 tenes
478 1033 505 1079 in
515 1030 625 1096 pulvere
636 1032 740 1081 Manes.

59 1101 102 1149 'l‘u
118 1116 239 1167 quoque,
256 1116 318 1149 cum
336 1114 418 1149 saevo
436 1099 543 1149 dederis
559 1101 615 1148 iam
632 1100 734 1164 temple
747 1105 791 1163 ty-

533 1183 629 1231 ranno,
802 1167 856 1218 835>

58 1235 184 1287 Nondum
196 1238 320 1302 Pompeii
333 1239 450 1299 cineres,
463 1253 479 1287 o
490 1237 592 1298 Roma,
605 1237 711 1302 petisti:

57 1306 144 1355 Exsul
156 1304 324 1355 adhuciacet
334 1306 430 1356 umbra
440 1306 524 1357 ducis.
543 1304 572 1356 Si
584 1306 694 1356 saecula
705 1306 794 1372 prima

57 1374 178 1423 Victoris
192 1375 306 1424 timuere
317 1376 417 1438 minam
438 1391 509 1425 nunc
520 1377 615 1440 excipe
626 1375 722 1425 saltem

58 1443 129 1492 Ossa
138 1444 179 1491 tui
190 1444 296 1510 Magni,
309 1445 330 1494 si
343 1445 461 1494 nondum
473 1443 587 1495 subruta
597 1443 682 1494 fluctu

56 1512 146 1562 lnvrsa
156 1513 251 1563 tellure
264 1514 367 1564 sedent
388 1514 545 1575 Qursbusta
555 1512 679 1563 timebit²
801 1514 856 1562 818

59 1581 124 1642 Quis
135 1584 219 1633 sacris
232 1583 341 1650 dignam
351 1585 468 1634 monisse
479 1583 617 1634 verebitur
627 1581 768 1652 umbram?

56 1652 175 1717 imperet
185 1650 238 1702 hoc
249 1653 326 1702 nobis
338 1655 441 1703 utinam
452 1654 554 1716 scelus,
567 1660 594 1703 et
604 1653 669 1703 velit
680 1653 720 1702 uti

56 1720 158 1770 Nostro
170 1721 287 1770 Roma'
267 1739 338 1770 sinu:
351 1724 417 1773 satis
429 1737 444 1771 ο
454 1724 619 1788 nimiumque
629 1722 736 1782 beatus,

57 1788 86 1839 Si
98 1787 162 1837 mibi
176 1791 316 1855 contingat
325 1806 419 1840 manes
429 1791 578 1842 transferre
590 1791 712 1841 revulsos

57 1858 217 1918 Ausoniam,
228 1874 249 1905 sl
243 1858 316 1907 tale
328 1858 404 1908 ducis
415 1859 518 1909 violare
530 1857 711 1924 sepulchrum.
802 1859 856 1910 845

57 1926 186 1977 Forsitan
200 1932 246 1975 aut
258 1926 334 1976 sulco
347 1927 432 1977 sterili
444 1942 505 1977 cum
517 1943 631 1994 poscere
643 1927 724 1976 finem

58 1996 79 2045 A
90 1995 209 2060 superis,
222 2000 269 2044 aut
279 1994 367 2044 Rome
378 1994 453 2046 volet
462 1996 592 2046 feralibus
603 1997 717 2056 Austris,

57 2063 169 2131 Ignibus
181 2069 228 2113 aut
239 2063 342 2124 nimiis,
354 2069 401 2113 aut
412 2070 503 2115 terrae
512 2070 588 2114 tecta
599 2065 732 2115 moventi:

59 2133 197 2184 Consilio'
190 2148 319 2200 iussuque
330 2100 410 2183 belim
420 2133 566 2184 transibis'
559 2150 585 2183 111
595 2134 699 2195 urbem,

58 2203 173 2270 Magne,
195 2208 285 2265 tuam,
307 2218 481 2268 summusque
500 2201 630 2252 lerettua
649 2202 730 2253 busta
752 2218 794 2255 sa·

534 2271 639 2322 cerdos.
803 2273 858 2325 8511

58 2338 136 2390 Nunc
147 2341 206 2408 quis
218 2341 253 2391 od
263 2347 388 2392 exustam
399 2342 504 2392 Cancro
516 2347 638 2392 torrente
650 2339 758 2406 Syenen

59 2409 125 2468 Ibit,
137 2416 165 2458 et
175 2409 347 2461 imbrifera
327 2425 414 2461 siccas
425 2410 474 2460 sub
487 2411 597 2461 Pleiade
610 2409 720 2462 Thebas
795 2457 800 2466 .

59 2476 206 2541 Spectator
216 2477 283 2529 Nili:
303 2482 362 2547 quis
373 2479 449 2529 rubri
458 2485 557 2547 stagna
568 2479 705 2545 profundi,

57 2548 112 2596 Aut
123 2545 240 2597 Arabum
252 2555 348 2614 portus
358 2550 458 2599 mercis
470 2554 592 2599 mutator
602 2551 689 2613 ane,

56 2615 167 2682 Magne,
179 2622 264 2697 petet,
277 2634 355 2684 quem
362 2633 415 2667 non
422 2618 517 2668 tumuli
525 2619 678 2670 venerabile
688 2634 793 2685 saxum,
804 2621 858 2672 855

56 2684 131 2735 let·
108 2687 175 2735 emis
186 2686 213 2735 in
225 2689 337 2738 summis
348 2687 440 2738 forsan
453 2688 577 2739 tnrlratus
590 2705 621 2738 al
623 2691 679 2739 cuis
