1956 3106
191 157 479 210 l'llARSALlA.
516 159 606 209 LlB.
635 160 693 210 ΙΙΙ.
781 156 816 207 55

75 285 132 336 see
143 280 248 331 sisoius
261 293 327 339 earn,
341 277 455 326 diruistis
467 279 582 345 degener
593 279 684 340 aruris,

82 351 159 404 Tenc
170 348 237 401 milei
246 357 319 399 tecta
332 355 439 414 patent.
468 346 528 398 lam
539 363 590 397 noo
601 350 739 400 excludere
755 360 815 402 teo·

562 425 627 475 tum,

79 489 220 543 Inclusisse
230 489 330 538 volunt.
358 485 396 535 At
407 483 475 536 enim
484 485 614 552 tristegia
626 485 687 536 belli

80 559 152 611 Dira
159 559 274 627 fugant.
306 553 415 606 Dabitis
422 570 525 620 poenas
531 570 583 619 pro
591 571 661 621 pace
670 556 776 622 petitu:
827 557 878 606 3¹10

80 629 121 680 Et
132 629 201 680 nteit
211 643 264 678 esse
275 643 330 676 enee
342 625 450 675 discetis
464 623 551 674 totius
563 640 636 683 neno,

84 697 172 760 Quem
183 697 247 747 duce
263 713 302 745 nse
318 694 419 744 bellone.
457 691 502 742 Sic
514 700 658 760 postquam
674 694 761 756 fatus,
784 693 819 743 ad

560 762 655 813 urbem
805 798 807 803 »

81 834 163 885 Haud
175 832 308 899 trepidam
320 833 455 883 convertit
463 833 530 882 iter:
542 837 606 882 tunc
613 834 721 883 moenia
727 832 821 882 clausa

81 903 233 969 Conspicit3
245 907 273 952 et
283 902 367 952 densa
377 902 503 951 iuvenum
515 901 616 951 vallata
625 917 735 961 corona.

82 972 163 1023 llnud
177 971 272 1037 procul
284 972 391 1020 assensis
403 970 521 1019 tumulus
533 972 668 1036 surgentis
678 973 704 1020 in
717 971 800 1021 altum
829 970 880 1020 375

82 1042 200 1092 Telluris
209 1055 321 1106 parrum
334 1037 432 1088 diffuso
444 1039 547 1087 vertice
558 1053 683 1104 campum
860 1042 862 1049 ’

83 1110 222 1176 Explicat:
241 1107 310 1158 haec
320 1109 426 1174 patiens
437 1107 520 1173 longo
532 1108 678 1158 munimine
691 1109 763 1174 cingi

84 1180 152 1231 Vise
163 1179 225 1227 duci
237 1192 327 1244 rupes,
338 1178 403 1226 tutis
423 1190 457 1224 ue
469 1175 609 1241 aptissima
620 1177 725 1226 castris.

83 1248 214 1299 Proxima
223 1261 287 1311 pars
298 1245 373 1295 urbis
385 1259 415 1294 ce
440 1260 482 1294 ans
496 1245 636 1311 consurgit
645 1246 674 1294 in
685 1259 786 1306 arcem,

84 1318 140 1367 Par
150 1315 263 1374 tumulo,
273 1313 426 1380 mediisque
436 1313 533 1364 sedent
545 1314 711 1364 convallibus
723 1329 797 1363 arra.
831 1313 881 1362 380

86 1387 165 1436 'l'uuc
176 1400 218 1433 res
229 1384 361 1433 immenso
372 1382 475 1448 placuit
485 1387 592 1433 statura
601 1381 705 1445 labore,

84 1457 189 1521 Aggere
202 1453 323 1503 diversos
334 1459 411 1502 vasto
424 1453 595 1502 committere
607 1452 697 1503 colles.

83 1523 138 1574 Sed
149 1524 222 1589 pn'us
234 1529 263 1571 ut
274 1529 370 1585 totam,
383 1538 435 1589 qua
445 1529 520 1572 terra
532 1522 657 1590 cingitur,
667 1521 762 1573 urbem

84 1593 237 1654 Clauderet,
249 1608 266 1642 a
276 1593 387 1642 summis
398 1591 526 1659 perduxit
536 1591 570 1641 od
582 1607 703 1660 aequora
714 1592 811 1642 castris

84 1664 209 1730 Longum
221 1663 321 1712 Caesar
332 1677 408 1727 opum
420 1660 564 1728 fontesque
575 1667 603 1711 et
611 1661 711 1727 pabula
723 1662 812 1726 campi
831 1659 881 1709 385

84 1733 227 1798 Amplexus
239 1731 321 1792 fossa,
334 1731 431 1781 densas
443 1730 568 1781 tollentia
578 1732 673 1796 pinnas

85 1800 247 1866 Cespitibus,
259 1801 395 1867 crudaque
409 1800 543 1851 exstruxit
553 1798 666 1850 brachia
676 1807 758 1851 terra.

136 1872 193 1920 lam
207 1870 273 1919 satis
289 1867 342 1918 hoc
359 1869 459 1919 Graiae
480 1869 685 1919 memorandum
706 1868 822 1934 contigit

564 1937 633 2000 urbi,

86 2011 284 2074 Aeternumque
298 2005 389 2067 decus,
401 2007 473 2073 quod
483 2021 537 2056 non
547 2007 671 2073 impulsa,
681 2023 733 2058 nec
742 2007 802 2072 ipso

84 2078 179 2128 Strata
188 2081 271 2136 metu,
283 2076 370 2124 tenuit
381 2073 521 2141 flagrantis
530 2076 558 2126 in
569 2078 659 2125 omniu
669 2077 734 2140 belli
831 2071 883 2123 39⁰
919 2084 923 2088 “

86 2147 267 2212 Praecipitem
280 2158 400 2193 cursum:
413 2145 551 2210 raptisque
561 2146 699 2194 aCaesare
707 2143 821 2204 cunctis,

85 2217 210 2269 Vincitur
220 2229 273 2264 una
285 2227 369 2262 mora.
400 2212 534 2272 Quantum
548 2218 603 2274 est,
621 2212 693 2279 quod
708 2211 767 2262 lato
781 2217 822 2262 te·

565 2286 670 2344 nentur,

60 2367 64 2375 ·
87 2355 218 2421 Quodque
230 2355 315 2403 virum
328 2351 381 2400 toti
390 2365 540 2416 properans
552 2351 691 2414 imponere
703 2349 802 2400 mundo

88 2426 145 2473 ilos
156 2423 245 2488 perdit
254 2423 377 2473 Fortuna
388 2418 458 2470 dies!
471 2420 549 2468 Tunc
561 2420 650 2469 omnia
662 2419 717 2469 late

86 2492 271 2543 Procumbunt
283 2505 403 2551 nemora,
412 2495 440 2538 et
449 2488 600 2555 spoliantur
611 2488 710 2539 robore
722 2489 819 2540 silvae:
832 2487 883 2539 395

86 2564 130 2621 Ut,
144 2577 204 2610 cum
215 2567 288 2611 terra
298 2560 363 2610 levis
374 2559 490 2608 mediam
503 2558 671 2625 virgultaque
682 2559 782 2609 molem

83 2630 266 2697 Suspendant,
279 2635 383 2678 structa
393 2628 507 2677 laterum
520 2643 650 2694 compage
662 2628 774 2696 ligatam

85 2702 179 2752 Arctet
190 2697 308 2759 humum,
320 2713 429 2764 prensus
440 2712 473 2748 ne
486 2697 566 2746 cedat
577 2697 694 2747 turribus
706 2712 800 2765 agger.
