<?xml version="1.0" encoding="UTF-8"?>
<!DOCTYPE html PUBLIC "-//W3C//DTD XHTML 1.0 Transitional//EN"
    "http://www.w3.org/TR/xhtml1/DTD/xhtml1-transitional.dtd">
<html xmlns="http://www.w3.org/1999/xhtml" xml:lang="en" lang="en">
 <head>
  <title>
</title>
<meta http-equiv="Content-Type" content="text/html;charset=utf-8" />
  <meta name='ocr-system' content='tesseract 3.04.00' />
  <meta name='ocr-capabilities' content='ocr_page ocr_carea ocr_par ocr_line ocrx_word'/>
</head>
<body>
  <div class='ocr_page' id='page_1' title='image "./mannaeilucaniph01lucagoog_0089.png"; bbox 0 0 1956 3106; ppageno 0'>
   <div class='ocr_carea' id='block_1_1' title="bbox 200 174 769 228">
    <p class='ocr_par' dir='ltr' id='par_1_1' title="bbox 200 174 769 228">
     <span class='ocr_line' id='line_1_1' title="bbox 200 174 769 228; baseline -0.004 -1"><span class='ocrx_word' id='word_1_1' title='bbox 200 175 235 228; x_wconf 83' lang='lat'>8⁰</span> <span class='ocrx_word' id='word_1_2' title='bbox 374 176 412 226; x_wconf 86' lang='lat' dir='ltr'>M.</span> <span class='ocrx_word' id='word_1_3' title='bbox 451 174 549 225; x_wconf 68' lang='grc' dir='ltr'>ΑΧΝ.</span> <span class='ocrx_word' id='word_1_4' title='bbox 585 174 769 227; x_wconf 66' lang='lat' dir='ltr'>Luceni</span> 
     </span>
    </p>
   </div>
   <div class='ocr_carea' id='block_1_2' title="bbox 134 292 938 2007">
    <p class='ocr_par' dir='ltr' id='par_1_2' title="bbox 134 292 938 2007">
     <span class='ocr_line' id='line_1_2' title="bbox 200 292 819 362; baseline -0.005 -17"><span class='ocrx_word' id='word_1_5' title='bbox 200 292 256 346; x_wconf 82' lang='lat' dir='ltr'>Hie</span> <span class='ocrx_word' id='word_1_6' title='bbox 268 293 436 362; x_wconf 79' lang='lat' dir='ltr'><strong>Opiterginis</strong></span> <span class='ocrx_word' id='word_1_7' title='bbox 448 295 533 345; x_wconf 79' lang='lat' dir='ltr'>moles</span> <span class='ocrx_word' id='word_1_8' title='bbox 545 300 659 345; x_wconf 83' lang='lat' dir='ltr'>onerata</span> <span class='ocrx_word' id='word_1_9' title='bbox 670 294 773 345; x_wconf 85' lang='lat' dir='ltr'>colonis</span> <span class='ocrx_word' id='word_1_10' title='bbox 817 337 819 342; x_wconf 93' lang='lat'><em>.</em></span> 
     </span>
     <span class='ocr_line' id='line_1_3' title="bbox 202 362 872 430; baseline 0.001 -15"><span class='ocrx_word' id='word_1_11' title='bbox 202 365 342 415; x_wconf 82' lang='lat' dir='ltr'>Constitit:</span> <span class='ocrx_word' id='word_1_12' title='bbox 355 362 425 413; x_wconf 83' lang='lat' dir='ltr'>hanc.</span> <span class='ocrx_word' id='word_1_13' title='bbox 438 366 511 413; x_wconf 91' lang='lat' dir='ltr'>omni</span> <span class='ocrx_word' id='word_1_14' title='bbox 523 379 626 430; x_wconf 82' lang='lat' dir='ltr'>puppes</span> <span class='ocrx_word' id='word_1_15' title='bbox 638 366 755 414; x_wconf 88' lang='lat' dir='ltr'>statione</span> <span class='ocrx_word' id='word_1_16' title='bbox 766 365 872 416; x_wconf 84' lang='lat' dir='ltr'>solutae</span> 
     </span>
     <span class='ocr_line' id='line_1_4' title="bbox 202 432 837 500; baseline 0.002 -17"><span class='ocrx_word' id='word_1_17' title='bbox 202 433 388 483; x_wconf 85' lang='lat' dir='ltr'>Circumeunt:</span> <span class='ocrx_word' id='word_1_18' title='bbox 405 432 451 482; x_wconf 85' lang='lat' dir='ltr'>aiii</span> <span class='ocrx_word' id='word_1_19' title='bbox 461 448 542 500; x_wconf 79' lang='lat' dir='ltr'>rupes</span> <span class='ocrx_word' id='word_1_20' title='bbox 557 449 589 483; x_wconf 85' lang='lat' dir='ltr'>uo</span> <span class='ocrx_word' id='word_1_21' title='bbox 599 433 681 483; x_wconf 83' lang='lat' dir='ltr'>litora</span> <span class='ocrx_word' id='word_1_22' title='bbox 693 433 837 498; x_wconf 88' lang='lat' dir='ltr'>complent.</span> 
     </span>
     <span class='ocr_line' id='line_1_5' title="bbox 136 501 850 569; baseline 0 -17"><span class='ocrx_word' id='word_1_23' title='bbox 136 501 191 552; x_wconf 78' lang='lat'>465</span> <span class='ocrx_word' id='word_1_24' title='bbox 203 502 328 554; x_wconf 83' lang='lat' dir='ltr'>Vulteius</span> <span class='ocrx_word' id='word_1_25' title='bbox 340 504 440 552; x_wconf 81' lang='lat' dir='ltr'>tacitas</span> <span class='ocrx_word' id='word_1_26' title='bbox 452 504 536 552; x_wconf 87' lang='lat' dir='ltr'>sensit</span> <span class='ocrx_word' id='word_1_27' title='bbox 547 503 596 552; x_wconf 88' lang='lat' dir='ltr'>sub</span> <span class='ocrx_word' id='word_1_28' title='bbox 608 503 715 569; x_wconf 81' lang='lat' dir='ltr'><strong>gurgite</strong></span> <span class='ocrx_word' id='word_1_29' title='bbox 726 502 850 568; x_wconf 84' lang='lat' dir='ltr'>fraudes3</span> 
     </span>
     <span class='ocr_line' id='line_1_6' title="bbox 201 570 853 638; baseline 0.003 -17"><span class='ocrx_word' id='word_1_30' title='bbox 201 570 265 623; x_wconf 87' lang='lat' dir='ltr'>Dux</span> <span class='ocrx_word' id='word_1_31' title='bbox 276 576 336 622; x_wconf 87' lang='lat' dir='ltr'>erat</span> <span class='ocrx_word' id='word_1_32' title='bbox 344 571 388 621; x_wconf 87' lang='lat' dir='ltr'>ille</span> <span class='ocrx_word' id='word_1_33' title='bbox 400 571 479 633; x_wconf 85' lang='lat' dir='ltr'>ratis,</span> <span class='ocrx_word' id='word_1_34' title='bbox 492 570 595 621; x_wconf 82' lang='lat' dir='ltr'>frustra</span> <span class='ocrx_word' id='word_1_35' title='bbox 607 572 652 638; x_wconf 89' lang='lat' dir='ltr'>qui</span> <span class='ocrx_word' id='word_1_36' title='bbox 662 572 769 621; x_wconf 71' lang='lat' dir='ltr'>uincula</span> <span class='ocrx_word' id='word_1_37' title='bbox 779 571 853 623; x_wconf 86' lang='lat' dir='ltr'>ferro</span> 
     </span>
     <span class='ocr_line' id='line_1_7' title="bbox 200 640 845 706; baseline 0 -15"><span class='ocrx_word' id='word_1_38' title='bbox 200 640 337 706; x_wconf 81' lang='lat' dir='ltr'>Rumpere</span> <span class='ocrx_word' id='word_1_39' title='bbox 349 645 477 702; x_wconf 85' lang='lat' dir='ltr'>conatus,</span> <span class='ocrx_word' id='word_1_40' title='bbox 489 642 579 706; x_wconf 82' lang='lat' dir='ltr'>poscit</span> <span class='ocrx_word' id='word_1_41' title='bbox 590 656 638 706; x_wconf 82' lang='lat' dir='ltr'>epe</span> <span class='ocrx_word' id='word_1_42' title='bbox 649 641 753 706; x_wconf 79' lang='lat' dir='ltr'>proelia</span> <span class='ocrx_word' id='word_1_43' title='bbox 763 642 845 705; x_wconf 83' lang='lat' dir='ltr'>nulle,</span> 
     </span>
     <span class='ocr_line' id='line_1_8' title="bbox 200 709 862 777; baseline 0.003 -17"><span class='ocrx_word' id='word_1_44' title='bbox 200 711 323 760; x_wconf 82' lang='lat' dir='ltr'>incertus</span> <span class='ocrx_word' id='word_1_45' title='bbox 335 724 388 776; x_wconf 85' lang='lat' dir='ltr'>qua</span> <span class='ocrx_word' id='word_1_46' title='bbox 399 714 478 777; x_wconf 82' lang='lat' dir='ltr'>terga</span> <span class='ocrx_word' id='word_1_47' title='bbox 489 709 580 771; x_wconf 81' lang='lat' dir='ltr'>deret,</span> <span class='ocrx_word' id='word_1_48' title='bbox 592 724 646 776; x_wconf 79' lang='lat' dir='ltr'>qua</span> <span class='ocrx_word' id='word_1_49' title='bbox 657 716 770 775; x_wconf 75' lang='lat' dir='ltr'>pectora</span> <span class='ocrx_word' id='word_1_50' title='bbox 780 711 862 762; x_wconf 85' lang='lat' dir='ltr'>bello.</span> 
     </span>
     <span class='ocr_line' id='line_1_9' title="bbox 200 779 913 846; baseline 0.006 -17"><span class='ocrx_word' id='word_1_51' title='bbox 200 779 263 829; x_wconf 84' lang='lat' dir='ltr'>Hoc</span> <span class='ocrx_word' id='word_1_52' title='bbox 274 785 366 828; x_wconf 84' lang='lat' dir='ltr'>tamen</span> <span class='ocrx_word' id='word_1_53' title='bbox 375 779 403 827; x_wconf 93' lang='lat' dir='ltr'>in</span> <span class='ocrx_word' id='word_1_54' title='bbox 417 794 496 842; x_wconf 81' lang='lat' dir='ltr'>casu,</span> <span class='ocrx_word' id='word_1_55' title='bbox 509 784 638 846; x_wconf 84' lang='lat' dir='ltr'>quantum</span> <span class='ocrx_word' id='word_1_56' title='bbox 649 779 784 844; x_wconf 87' lang='lat' dir='ltr'>deprensa</span> <span class='ocrx_word' id='word_1_57' title='bbox 794 780 913 845; x_wconf 79' lang='lat' dir='ltr'>valebat,</span> 
     </span>
     <span class='ocr_line' id='line_1_10' title="bbox 138 847 753 914; baseline -0.002 -15"><span class='ocrx_word' id='word_1_58' title='bbox 138 849 190 899; x_wconf 75' lang='lat' dir='ltr'>nro</span> <span class='ocrx_word' id='word_1_59' title='bbox 201 847 303 898; x_wconf 79' lang='lat' dir='ltr'>Effecit</span> <span class='ocrx_word' id='word_1_60' title='bbox 312 849 411 898; x_wconf 82' lang='lat' dir='ltr'>virtus:</span> <span class='ocrx_word' id='word_1_61' title='bbox 427 849 500 898; x_wconf 88' lang='lat' dir='ltr'>inter</span> <span class='ocrx_word' id='word_1_62' title='bbox 509 854 553 899; x_wconf 92' lang='lat' dir='ltr'>tot</span> <span class='ocrx_word' id='word_1_63' title='bbox 561 848 645 900; x_wconf 83' lang='lat' dir='ltr'>millia</span> <span class='ocrx_word' id='word_1_64' title='bbox 657 853 753 914; x_wconf 82' lang='lat' dir='ltr'>captae</span> 
     </span>
     <span class='ocr_line' id='line_1_11' title="bbox 202 914 901 984; baseline 0.003 -18"><span class='ocrx_word' id='word_1_65' title='bbox 202 915 372 967; x_wconf 83' lang='lat' dir='ltr'>Circumfusa</span> <span class='ocrx_word' id='word_1_66' title='bbox 383 918 449 978; x_wconf 81' lang='lat' dir='ltr'>rati,</span> <span class='ocrx_word' id='word_1_67' title='bbox 462 924 490 968; x_wconf 86' lang='lat' dir='ltr'>et</span> <span class='ocrx_word' id='word_1_68' title='bbox 500 917 608 984; x_wconf 87' lang='lat' dir='ltr'>plenam</span> <span class='ocrx_word' id='word_1_69' title='bbox 619 919 664 967; x_wconf 72' lang='lat' dir='ltr'>rix</span> <span class='ocrx_word' id='word_1_70' title='bbox 673 917 735 969; x_wconf 90' lang='lat' dir='ltr'>inde</span> <span class='ocrx_word' id='word_1_71' title='bbox 748 914 901 982; x_wconf 83' lang='lat' dir='ltr'>cohortem,</span> 
     </span>
     <span class='ocr_line' id='line_1_12' title="bbox 201 985 938 1055; baseline 0.004 -20"><span class='ocrx_word' id='word_1_72' title='bbox 201 986 297 1054; x_wconf 83' lang='lat' dir='ltr'>Pugna</span> <span class='ocrx_word' id='word_1_73' title='bbox 304 985 364 1049; x_wconf 86' lang='lat' dir='ltr'>fuit,</span> <span class='ocrx_word' id='word_1_74' title='bbox 375 1001 430 1036; x_wconf 92' lang='lat' dir='ltr'>non</span> <span class='ocrx_word' id='word_1_75' title='bbox 439 987 521 1055; x_wconf 85' lang='lat' dir='ltr'>longa</span> <span class='ocrx_word' id='word_1_76' title='bbox 533 987 648 1054; x_wconf 89' lang='lat' dir='ltr'>quidem.</span> <span class='ocrx_word' id='word_1_77' title='bbox 667 985 737 1036; x_wconf 82' lang='lat' dir='ltr'>Nem</span> <span class='ocrx_word' id='word_1_78' title='bbox 743 987 866 1037; x_wconf 86' lang='lat' dir='ltr'>condidit</span> <span class='ocrx_word' id='word_1_79' title='bbox 876 994 938 1038; x_wconf 82' lang='lat' dir='ltr'>atra</span> 
     </span>
     <span class='ocr_line' id='line_1_13' title="bbox 200 1054 935 1123; baseline 0.003 -18"><span class='ocrx_word' id='word_1_80' title='bbox 200 1054 263 1106; x_wconf 82' lang='lat' dir='ltr'>Nox</span> <span class='ocrx_word' id='word_1_81' title='bbox 273 1056 362 1113; x_wconf 75' lang='lat' dir='ltr'>lucem</span> <span class='ocrx_word' id='word_1_82' title='bbox 373 1055 491 1118; x_wconf 84' lang='lat' dir='ltr'>dubiam,</span> <span class='ocrx_word' id='word_1_83' title='bbox 503 1071 651 1123; x_wconf 85' lang='lat' dir='ltr'>pacemque</span> <span class='ocrx_word' id='word_1_84' title='bbox 662 1054 782 1106; x_wconf 79' lang='lat' dir='ltr'>habuere</span> <span class='ocrx_word' id='word_1_85' title='bbox 794 1057 935 1109; x_wconf 82' lang='lat' dir='ltr'>tenebrae.</span> 
     </span>
     <span class='ocr_line' id='line_1_14' title="bbox 254 1124 935 1192; baseline 0.003 -17"><span class='ocrx_word' id='word_1_86' title='bbox 254 1127 332 1176; x_wconf 86' lang='lat' dir='ltr'>Tune</span> <span class='ocrx_word' id='word_1_87' title='bbox 344 1126 383 1176; x_wconf 85' lang='lat' dir='ltr'>sie</span> <span class='ocrx_word' id='word_1_88' title='bbox 402 1125 567 1189; x_wconf 85' lang='lat' dir='ltr'>adtonitam,</span> <span class='ocrx_word' id='word_1_89' title='bbox 583 1132 750 1192; x_wconf 81' lang='lat' dir='ltr'>venturaque</span> <span class='ocrx_word' id='word_1_90' title='bbox 762 1124 821 1176; x_wconf 82' lang='lat' dir='ltr'>iata</span> <span class='ocrx_word' id='word_1_91' title='bbox 836 1142 935 1192; x_wconf 87' lang='lat' dir='ltr'>peven-</span> 
     </span>
     <span class='ocr_line' id='line_1_15' title="bbox 673 1199 727 1245; baseline -0.019 -1"><span class='ocrx_word' id='word_1_92' title='bbox 673 1199 727 1245; x_wconf 89' lang='lat' dir='ltr'>tem</span> 
     </span>
     <span class='ocr_line' id='line_1_16' title="bbox 139 1261 848 1332; baseline -0.001 -18"><span class='ocrx_word' id='word_1_93' title='bbox 139 1264 173 1314; x_wconf 70' lang='grc'>41</span> <span class='ocrx_word' id='word_1_94' title='bbox 176 1263 190 1313; x_wconf 86' lang='grc'><strong>5</strong></span> <span class='ocrx_word' id='word_1_95' title='bbox 203 1264 285 1314; x_wconf 83' lang='lat' dir='ltr'>Rexit</span> <span class='ocrx_word' id='word_1_96' title='bbox 295 1265 467 1332; x_wconf 82' lang='lat' dir='ltr'>magnanima</span> <span class='ocrx_word' id='word_1_97' title='bbox 479 1264 602 1316; x_wconf 86' lang='lat' dir='ltr'>Vulteius</span> <span class='ocrx_word' id='word_1_98' title='bbox 613 1280 680 1315; x_wconf 83' lang='lat' dir='ltr'>voce</span> <span class='ocrx_word' id='word_1_99' title='bbox 694 1261 848 1315; x_wconf 83' lang='lat' dir='ltr'>eohortem:</span> 
     </span>
     <span class='ocr_line' id='line_1_17' title="bbox 198 1333 864 1399; baseline 0.005 -17"><span class='ocrx_word' id='word_1_100' title='bbox 198 1333 299 1384; x_wconf 84' lang='lat' dir='ltr'>Libera</span> <span class='ocrx_word' id='word_1_101' title='bbox 311 1351 363 1384; x_wconf 89' lang='lat' dir='ltr'>non</span> <span class='ocrx_word' id='word_1_102' title='bbox 374 1335 448 1384; x_wconf 82' lang='lat' dir='ltr'>ultra</span> <span class='ocrx_word' id='word_1_103' title='bbox 455 1349 543 1399; x_wconf 85' lang='lat' dir='ltr'>parua</span> <span class='ocrx_word' id='word_1_104' title='bbox 555 1350 633 1398; x_wconf 82' lang='lat' dir='ltr'>quam</span> <span class='ocrx_word' id='word_1_105' title='bbox 645 1333 864 1395; x_wconf 61' lang='lat' dir='ltr'>nunciarentur,</span> 
     </span>
     <span class='ocr_line' id='line_1_18' title="bbox 203 1401 835 1471; baseline 0.002 -19"><span class='ocrx_word' id='word_1_106' title='bbox 203 1401 340 1453; x_wconf 74' lang='lat' dir='ltr'>Consulite</span> <span class='ocrx_word' id='word_1_107' title='bbox 352 1403 479 1454; x_wconf 74' lang='lat' dir='ltr'>extremit</span> <span class='ocrx_word' id='word_1_108' title='bbox 491 1413 607 1471; x_wconf 83' lang='lat' dir='ltr'>angusto</span> <span class='ocrx_word' id='word_1_109' title='bbox 620 1413 736 1470; x_wconf 84' lang='lat' dir='ltr'>tempere</span> <span class='ocrx_word' id='word_1_110' title='bbox 747 1401 835 1454; x_wconf 77' lang='lat' dir='ltr'>rebus.</span> 
     </span>
     <span class='ocr_line' id='line_1_19' title="bbox 204 1470 861 1540; baseline 0.003 -19"><span class='ocrx_word' id='word_1_111' title='bbox 204 1470 268 1525; x_wconf 81' lang='lat' dir='ltr'>Vita</span> <span class='ocrx_word' id='word_1_112' title='bbox 280 1471 366 1522; x_wconf 75' lang='lat' dir='ltr'>brevit</span> <span class='ocrx_word' id='word_1_113' title='bbox 378 1472 447 1527; x_wconf 84' lang='lat' dir='ltr'>nulli</span> <span class='ocrx_word' id='word_1_114' title='bbox 458 1482 588 1538; x_wconf 84' lang='lat' dir='ltr'>euperert,</span> <span class='ocrx_word' id='word_1_115' title='bbox 600 1473 646 1537; x_wconf 79' lang='lat' dir='ltr'>qui</span> <span class='ocrx_word' id='word_1_116' title='bbox 657 1483 760 1540; x_wconf 79' lang='lat' dir='ltr'>tempor</span> <span class='ocrx_word' id='word_1_117' title='bbox 771 1473 800 1525; x_wconf 92' lang='lat' dir='ltr'>in</span> <span class='ocrx_word' id='word_1_118' title='bbox 812 1473 861 1524; x_wconf 77' lang='lat' dir='ltr'>ina</span> 
     </span>
     <span class='ocr_line' id='line_1_20' title="bbox 201 1538 873 1610; baseline 0.003 -19"><span class='ocrx_word' id='word_1_119' title='bbox 201 1540 376 1604; x_wconf 78' lang='lat' dir='ltr'>Quaerendae</span> <span class='ocrx_word' id='word_1_120' title='bbox 387 1538 438 1590; x_wconf 82' lang='lat' dir='ltr'>ribi</span> <span class='ocrx_word' id='word_1_121' title='bbox 448 1542 542 1592; x_wconf 82' lang='lat' dir='ltr'>mortis</span> <span class='ocrx_word' id='word_1_122' title='bbox 552 1541 647 1594; x_wconf 86' lang='lat' dir='ltr'>babet:</span> <span class='ocrx_word' id='word_1_123' title='bbox 664 1542 813 1610; x_wconf 83' lang='lat' dir='ltr'>nee&#39;gloria</span> <span class='ocrx_word' id='word_1_124' title='bbox 824 1542 873 1593; x_wconf 87' lang='lat' dir='ltr'>leti</span> 
     </span>
     <span class='ocr_line' id='line_1_21' title="bbox 134 1609 814 1682; baseline 0 -21"><span class='ocrx_word' id='word_1_125' title='bbox 134 1609 190 1661; x_wconf 73' lang='lat'>480</span> <span class='ocrx_word' id='word_1_126' title='bbox 199 1610 333 1680; x_wconf 86' lang='lat' dir='ltr'>Inferior,</span> <span class='ocrx_word' id='word_1_127' title='bbox 344 1609 462 1672; x_wconf 73' lang='lat' dir='ltr'>iuvenes,</span> <span class='ocrx_word' id='word_1_128' title='bbox 474 1611 580 1662; x_wconf 82' lang='lat' dir='ltr'>adorato</span> <span class='ocrx_word' id='word_1_129' title='bbox 592 1629 732 1663; x_wconf 81' lang='lat' dir='ltr'>occurrere</span> <span class='ocrx_word' id='word_1_130' title='bbox 738 1611 814 1682; x_wconf 79' lang='lat' dir='ltr'>fato.</span> 
     </span>
     <span class='ocr_line' id='line_1_22' title="bbox 200 1675 809 1748; baseline 0.003 -18"><span class='ocrx_word' id='word_1_131' title='bbox 200 1675 328 1730; x_wconf 77' lang='lat' dir='ltr'>Omnibus</span> <span class='ocrx_word' id='word_1_132' title='bbox 339 1679 444 1728; x_wconf 82' lang='lat' dir='ltr'>ineerta</span> <span class='ocrx_word' id='word_1_133' title='bbox 455 1690 585 1731; x_wconf 87' lang='lat' dir='ltr'>uenturae</span> <span class='ocrx_word' id='word_1_134' title='bbox 597 1691 714 1748; x_wconf 87' lang='lat' dir='ltr'>tempore</span> <span class='ocrx_word' id='word_1_135' title='bbox 726 1682 809 1743; x_wconf 82' lang='lat' dir='ltr'>vitae,</span> 
     </span>
     <span class='ocr_line' id='line_1_23' title="bbox 197 1747 853 1817; baseline 0.003 -19"><span class='ocrx_word' id='word_1_136' title='bbox 197 1747 255 1799; x_wconf 87' lang='lat' dir='ltr'>Par</span> <span class='ocrx_word' id='word_1_137' title='bbox 266 1747 351 1799; x_wconf 86' lang='lat' dir='ltr'>animi</span> <span class='ocrx_word' id='word_1_138' title='bbox 360 1750 418 1799; x_wconf 80' lang='lat' dir='ltr'>laur</span> <span class='ocrx_word' id='word_1_139' title='bbox 429 1757 483 1810; x_wconf 78' lang='lat' dir='ltr'>ert,</span> <span class='ocrx_word' id='word_1_140' title='bbox 497 1760 523 1800; x_wconf 90' lang='lat' dir='ltr'>et</span> <span class='ocrx_word' id='word_1_141' title='bbox 534 1767 598 1816; x_wconf 84' lang='lat' dir='ltr'>quur</span> <span class='ocrx_word' id='word_1_142' title='bbox 609 1750 759 1817; x_wconf 75' lang='lat' dir='ltr'>sperauerit</span> <span class='ocrx_word' id='word_1_143' title='bbox 770 1767 853 1802; x_wconf 85' lang='lat' dir='ltr'>annae</span> 
     </span>
     <span class='ocr_line' id='line_1_24' title="bbox 198 1816 932 1887; baseline 0.003 -18"><span class='ocrx_word' id='word_1_144' title='bbox 198 1816 326 1879; x_wconf 80' lang='lat' dir='ltr'>Perdere,</span> <span class='ocrx_word' id='word_1_145' title='bbox 337 1827 362 1867; x_wconf 88' lang='lat' dir='ltr'>et</span> <span class='ocrx_word' id='word_1_146' title='bbox 375 1827 511 1869; x_wconf 82' lang='lat' dir='ltr'>extremae</span> <span class='ocrx_word' id='word_1_147' title='bbox 522 1831 679 1872; x_wconf 86' lang='lat' dir='ltr'>momentum</span> <span class='ocrx_word' id='word_1_148' title='bbox 690 1819 846 1887; x_wconf 83' lang='lat' dir='ltr'>abrumpere</span> <span class='ocrx_word' id='word_1_149' title='bbox 857 1821 932 1882; x_wconf 74' lang='lat' dir='ltr'>larris,</span> 
     </span>
     <span class='ocr_line' id='line_1_25' title="bbox 199 1886 870 2007; baseline 0.007 -71"><span class='ocrx_word' id='word_1_150' title='bbox 199 1886 329 1938; x_wconf 80' lang='lat' dir='ltr'>Arcerrar</span> <span class='ocrx_word' id='word_1_151' title='bbox 340 1887 475 2007; x_wconf 45' lang='lat' dir='ltr'>dumfiatn</span> <span class='ocrx_word' id='word_1_152' title='bbox 487 1905 575 1941; x_wconf 84' lang='lat' dir='ltr'>uranu.</span> <span class='ocrx_word' id='word_1_153' title='bbox 607 1889 634 1940; x_wconf 90' lang='lat' dir='ltr'><strong><em>N</em></strong></span> <span class='ocrx_word' id='word_1_154' title='bbox 636 1909 669 1942; x_wconf 91' lang='lat' dir='ltr'>on</span> <span class='ocrx_word' id='word_1_155' title='bbox 680 1889 789 1957; x_wconf 83' lang='lat' dir='ltr'>cogitur</span> <span class='ocrx_word' id='word_1_156' title='bbox 801 1892 870 1942; x_wconf 80' lang='lat' dir='ltr'>uitur</span> 
     </span>
    </p>
   </div>
   <div class='ocr_carea' id='block_1_3' title="bbox 60 1955 930 2027">
    <p class='ocr_par' dir='ltr' id='par_1_3' title="bbox 60 1955 930 2027">
     <span class='ocr_line' id='line_1_26' title="bbox 60 1955 930 2027; baseline 0.001 -19"><span class='ocrx_word' id='word_1_157' title='bbox 60 1988 64 1997; x_wconf 91' lang='lat'><em>-</em></span> <span class='ocrx_word' id='word_1_158' title='bbox 134 1955 188 2008; x_wconf 80' lang='lat'>485</span> <span class='ocrx_word' id='word_1_159' title='bbox 206 1956 277 2008; x_wconf 83' lang='lat' dir='ltr'>Velle</span> <span class='ocrx_word' id='word_1_160' title='bbox 297 1957 374 2007; x_wconf 88' lang='lat' dir='ltr'>mori.</span> <span class='ocrx_word' id='word_1_161' title='bbox 417 1974 486 2026; x_wconf 70' lang='lat' dir='ltr'>rugo</span> <span class='ocrx_word' id='word_1_162' title='bbox 514 1962 589 2011; x_wconf 82' lang='lat' dir='ltr'>nulla</span> <span class='ocrx_word' id='word_1_163' title='bbox 606 1969 793 2026; x_wconf 68' lang='lat' dir='ltr'>patetrrtant</span> <span class='ocrx_word' id='word_1_164' title='bbox 814 1961 930 2027; x_wconf 79' lang='lat' dir='ltr'>undique</span> 
     </span>
    </p>
   </div>
   <div class='ocr_carea' id='block_1_4' title="bbox 137 2030 931 2783">
    <p class='ocr_par' dir='ltr' id='par_1_4' title="bbox 137 2030 931 2783">
     <span class='ocr_line' id='line_1_27' title="bbox 666 2030 766 2082; baseline -0.02 0"><span class='ocrx_word' id='word_1_165' title='bbox 666 2030 766 2082; x_wconf 71' lang='lat' dir='ltr'>nostrie</span> 
     </span>
     <span class='ocr_line' id='line_1_28' title="bbox 198 2095 779 2164; baseline 0 -16"><span class='ocrx_word' id='word_1_166' title='bbox 198 2096 302 2148; x_wconf 82' lang='lat' dir='ltr'>Intenti</span> <span class='ocrx_word' id='word_1_167' title='bbox 312 2095 413 2164; x_wconf 82' lang='lat' dir='ltr'>iugulis</span> <span class='ocrx_word' id='word_1_168' title='bbox 424 2097 501 2147; x_wconf 80' lang='lat' dir='ltr'>rives.</span> <span class='ocrx_word' id='word_1_169' title='bbox 530 2095 676 2150; x_wconf 79' lang='lat' dir='ltr'>Decernite</span> <span class='ocrx_word' id='word_1_170' title='bbox 689 2102 779 2159; x_wconf 82' lang='lat' dir='ltr'>letum,</span> 
     </span>
     <span class='ocr_line' id='line_1_29' title="bbox 196 2164 931 2236; baseline -0.001 -18"><span class='ocrx_word' id='word_1_171' title='bbox 196 2164 236 2218; x_wconf 82' lang='lat' dir='ltr'>Et</span> <span class='ocrx_word' id='word_1_172' title='bbox 248 2177 332 2218; x_wconf 83' lang='lat' dir='ltr'>metor</span> <span class='ocrx_word' id='word_1_173' title='bbox 343 2165 427 2218; x_wconf 82' lang='lat' dir='ltr'>omnir</span> <span class='ocrx_word' id='word_1_174' title='bbox 437 2166 525 2218; x_wconf 73' lang='lat' dir='ltr'>abest:</span> <span class='ocrx_word' id='word_1_175' title='bbox 542 2168 642 2233; x_wconf 76' lang='lat' dir='ltr'>cupiat,</span> <span class='ocrx_word' id='word_1_176' title='bbox 654 2170 832 2236; x_wconf 67' lang='lat' dir='ltr'>quanicumque</span> <span class='ocrx_word' id='word_1_177' title='bbox 844 2183 931 2218; x_wconf 77' lang='lat' dir='ltr'>neree-</span> 
     </span>
     <span class='ocr_line' id='line_1_30' title="bbox 668 2246 752 2287; baseline -0.024 0"><span class='ocrx_word' id='word_1_178' title='bbox 668 2253 694 2287; x_wconf 80' lang='lat' dir='ltr'>re</span> <span class='ocrx_word' id='word_1_179' title='bbox 705 2246 752 2287; x_wconf 84' lang='lat' dir='ltr'>ert.</span> 
     </span>
     <span class='ocr_line' id='line_1_31' title="bbox 198 2303 928 2367; baseline 0.004 -13"><span class='ocrx_word' id='word_1_180' title='bbox 198 2303 260 2357; x_wconf 90' lang='lat' dir='ltr'>Non</span> <span class='ocrx_word' id='word_1_181' title='bbox 272 2314 360 2358; x_wconf 87' lang='lat' dir='ltr'>tamen</span> <span class='ocrx_word' id='word_1_182' title='bbox 371 2305 400 2357; x_wconf 86' lang='lat' dir='ltr'>in</span> <span class='ocrx_word' id='word_1_183' title='bbox 410 2320 491 2356; x_wconf 82' lang='lat' dir='ltr'>caera</span> <span class='ocrx_word' id='word_1_184' title='bbox 500 2305 626 2355; x_wconf 81' lang='lat' dir='ltr'>bellorum</span> <span class='ocrx_word' id='word_1_185' title='bbox 643 2306 710 2357; x_wconf 87' lang='lat' dir='ltr'>nube</span> <span class='ocrx_word' id='word_1_186' title='bbox 722 2304 864 2355; x_wconf 81' lang='lat' dir='ltr'>cadendum</span> <span class='ocrx_word' id='word_1_187' title='bbox 879 2315 928 2367; x_wconf 86' lang='lat' dir='ltr'>ert,</span> 
     </span>
     <span class='ocr_line' id='line_1_32' title="bbox 196 2372 823 2440; baseline -0.005 -16"><span class='ocrx_word' id='word_1_188' title='bbox 196 2375 264 2436; x_wconf 78' lang='lat' dir='ltr'>Aut,</span> <span class='ocrx_word' id='word_1_189' title='bbox 277 2391 336 2424; x_wconf 86' lang='lat' dir='ltr'>rum</span> <span class='ocrx_word' id='word_1_190' title='bbox 346 2375 488 2440; x_wconf 71' lang='lat' dir='ltr'>permixtis</span> <span class='ocrx_word' id='word_1_191' title='bbox 499 2374 569 2425; x_wconf 82' lang='lat' dir='ltr'>aeier</span> <span class='ocrx_word' id='word_1_192' title='bbox 582 2392 631 2425; x_wconf 83' lang='lat' dir='ltr'>uua</span> <span class='ocrx_word' id='word_1_193' title='bbox 643 2377 696 2425; x_wconf 80' lang='lat' dir='ltr'>tela</span> <span class='ocrx_word' id='word_1_194' title='bbox 709 2372 823 2424; x_wconf 79' lang='lat' dir='ltr'>tenebris</span> 
     </span>
     <span class='ocr_line' id='line_1_33' title="bbox 137 2439 900 2509; baseline 0.003 -17"><span class='ocrx_word' id='word_1_195' title='bbox 137 2439 188 2492; x_wconf 67' lang='grc'>490</span> <span class='ocrx_word' id='word_1_196' title='bbox 200 2443 356 2507; x_wconf 77' lang='lat' dir='ltr'>involvunt,</span> <span class='ocrx_word' id='word_1_197' title='bbox 369 2455 492 2496; x_wconf 71' lang='lat' dir='ltr'>conserta</span> <span class='ocrx_word' id='word_1_198' title='bbox 503 2444 659 2494; x_wconf 79' lang='lat' dir='ltr'>incentorem</span> <span class='ocrx_word' id='word_1_199' title='bbox 673 2460 785 2509; x_wconf 85' lang='lat' dir='ltr'>corpora</span> <span class='ocrx_word' id='word_1_200' title='bbox 797 2460 900 2509; x_wconf 83' lang='lat' dir='ltr'>eampo,</span> 
     </span>
     <span class='ocr_line' id='line_1_34' title="bbox 194 2511 927 2577; baseline -0.003 -14"><span class='ocrx_word' id='word_1_201' title='bbox 194 2511 228 2563; x_wconf 85' lang='lat' dir='ltr'>Iu</span> <span class='ocrx_word' id='word_1_202' title='bbox 240 2513 353 2564; x_wconf 78' lang='lat' dir='ltr'>medium</span> <span class='ocrx_word' id='word_1_203' title='bbox 365 2531 435 2564; x_wconf 85' lang='lat' dir='ltr'>marr</span> <span class='ocrx_word' id='word_1_204' title='bbox 446 2513 530 2564; x_wconf 84' lang='lat' dir='ltr'>omnir</span> <span class='ocrx_word' id='word_1_205' title='bbox 545 2512 617 2571; x_wconf 86' lang='lat' dir='ltr'>abit,</span> <span class='ocrx_word' id='word_1_206' title='bbox 625 2513 699 2577; x_wconf 82' lang='lat' dir='ltr'>perit</span> <span class='ocrx_word' id='word_1_207' title='bbox 722 2512 819 2564; x_wconf 87' lang='lat' dir='ltr'>obruta</span> <span class='ocrx_word' id='word_1_208' title='bbox 831 2513 927 2564; x_wconf 81' lang='lat' dir='ltr'>virtue.</span> 
     </span>
     <span class='ocr_line' id='line_1_35' title="bbox 195 2579 770 2649; baseline 0.003 -18"><span class='ocrx_word' id='word_1_209' title='bbox 195 2579 289 2632; x_wconf 76' lang='lat' dir='ltr'>Narin</span> <span class='ocrx_word' id='word_1_210' title='bbox 301 2583 443 2649; x_wconf 76' lang='lat' dir='ltr'>conspicua</span> <span class='ocrx_word' id='word_1_211' title='bbox 455 2581 533 2635; x_wconf 77' lang='lat' dir='ltr'>soriis</span> <span class='ocrx_word' id='word_1_212' title='bbox 544 2581 663 2646; x_wconf 74' lang='lat' dir='ltr'>tortique</span> <span class='ocrx_word' id='word_1_213' title='bbox 675 2583 770 2633; x_wconf 73' lang='lat' dir='ltr'>cariem</span> 
     </span>
     <span class='ocr_line' id='line_1_36' title="bbox 196 2649 862 2718; baseline 0.003 -18"><span class='ocrx_word' id='word_1_214' title='bbox 196 2649 367 2702; x_wconf 78' lang='lat' dir='ltr'>Constituere</span> <span class='ocrx_word' id='word_1_215' title='bbox 379 2653 429 2703; x_wconf 78' lang='lat' dir='ltr'>dei.</span> <span class='ocrx_word' id='word_1_216' title='bbox 460 2651 630 2703; x_wconf 78' lang='lat' dir='ltr'>Praebebunt</span> <span class='ocrx_word' id='word_1_217' title='bbox 643 2669 761 2718; x_wconf 86' lang='lat' dir='ltr'>aequora</span> <span class='ocrx_word' id='word_1_218' title='bbox 775 2662 862 2714; x_wconf 80' lang='lat' dir='ltr'>tester,</span> 
     </span>
     <span class='ocr_line' id='line_1_37' title="bbox 194 2718 888 2783; baseline 0.001 -14"><span class='ocrx_word' id='word_1_219' title='bbox 194 2718 368 2772; x_wconf 85' lang='lat' dir='ltr'>Praebebunt</span> <span class='ocrx_word' id='word_1_220' title='bbox 379 2731 484 2783; x_wconf 86' lang='lat' dir='ltr'>terrae,</span> <span class='ocrx_word' id='word_1_221' title='bbox 496 2720 603 2771; x_wconf 79' lang='lat' dir='ltr'>ruunnir</span> <span class='ocrx_word' id='word_1_222' title='bbox 615 2722 688 2772; x_wconf 82' lang='lat' dir='ltr'>dabit</span> <span class='ocrx_word' id='word_1_223' title='bbox 702 2723 787 2774; x_wconf 73' lang='lat' dir='ltr'>insuta</span> <span class='ocrx_word' id='word_1_224' title='bbox 801 2723 888 2773; x_wconf 68' lang='lat' dir='ltr'>satir:</span> 
     </span>
    </p>
   </div>
   <div class='ocr_carea' id='block_1_5' title="bbox 0 0 982 3106">
    <p class='ocr_par' dir='ltr' id='par_1_5' title="bbox 0 0 982 3106">
     <span class='ocr_line' id='line_1_38' title="bbox 0 0 982 3106; baseline 0 0"><span class='ocrx_word' id='word_1_225' title='bbox 0 0 982 3106; x_wconf 95' lang='lat' dir='ltr'> </span> 
     </span>
    </p>
   </div>
  </div>
 </body>
</html>
