1956 3106
146 133 198 186 aa
320 126 710 209 m.sNN.nucsN1

150 253 239 311 Vivat,
250 256 286 311 et,
299 254 330 298 ut
340 249 418 298 Bruti
432 247 594 312 procumbat
603 247 722 308 rictima,
734 251 840 313 regnet.

199 319 253 369 Hic
271 319 375 384 patriae
392 320 465 382 perit
481 330 560 365 omne
577 316 674 365 decus:
692 315 767 366 iacet
781 330 890 383 aggere

621 398 719 433 maeno

150 457 299 507 Patricium
311 454 412 519 campis
424 467 477 501 non
487 454 573 502 mixta
584 422 801 518 plebeecadater.

149 527 226 575 Mors
236 531 326 575 tamen
339 523 451 572 eminuit
462 521 598 571 clarorum
608 522 636 570 in
647 527 738 589 strage
747 522 870 573 virorum

89 595 141 644 660
151 594 286 662 Pugnacis
297 591 414 653 Domiti3
427 605 505 656 quem
519 589 609 639 clades
620 589 678 639 fata
688 604 738 655 per
748 604 844 642 omnes

150 661 302 712 Ducebent.
327 659 466 725 Nusquam
477 659 570 726 Magni
580 659 704 709 Fortuna
714 661 772 710 sine
782 658 830 711 illo

151 731 313 783 Succubuit:
331 730 419 778 rictus
432 729 515 777 toties
528 743 544 776 a
555 728 682 789 Caesare,
696 727 773 779 saiva
850 742 855 749 ·

150 800 292 849 Libertate
303 799 388 865 perit:
408 803 473 846 tunc
484 797 556 846 mille
566 798 594 845 in
605 797 718 847 vulnera
726 796 817 849 laetus

150 867 274 929 Labitur,
285 883 318 917 ac
328 867 407 917 venia
417 866 519 933 gaudet
531 866 650 916 caruisse
660 865 790 916 secunda.

91 935 140 985 665
151 936 268 988 Viderat
277 937 305 986 in
317 950 410 986 crasso
421 935 571 986 solventem
583 935 713 1002 sanguine
723 934 849 987 membru

152 1007 261 1068 Caesar,
273 1011 301 1055 et
310 1006 490 1070 increpitans3
509 1004 568 1055 ium
580 1002 679 1072 Magni
689 1004 788 1055 deseris
799 1022 892 1070 arma,

151 1075 293 1128 Srrccessor
302 1073 410 1126 Domiti
415 1091 426 1133 ,·
444 1074 499 1124 sine
511 1083 537 1124 te
547 1073 601 1123 iam
611 1073 679 1123 bella
687 1084 834 1141 geruntur.

150 1144 279 1194 Dixerat:
300 1151 342 1194 ast
352 1143 390 1193 iili
400 1143 509 1193 suffecit
518 1149 633 1208 pectora
643 1142 753 1208 pulsans

151 1213 267 1280 Spiritus
278 1213 305 1262 in
317 1228 424 1273 rocem,
435 1212 634 1278 morientiaque
645 1226 695 1261 ora
704 1212 827 1264 resoluit.

89 1281 140 1331 fito
153 1283 212 1334 Non
224 1283 371 1350 refuscata
383 1284 509 1332 scelerum
522 1282 639 1330 mercede
647 1281 777 1346 potitum,

149 1352 203 1404 Sed
211 1351 317 1401 archium
326 1351 397 1421 juti,
411 1347 521 1411 Caesar,
532 1351 684 1417 generoque
696 1350 825 1401 nrinorem

151 1421 317 1486 Adspicieus,
328 1421 439 1487 Stygias
450 1418 553 1487 Magno
565 1419 630 1469 duce
641 1419 708 1469 liber
719 1420 757 1470 ad
765 1420 880 1489 umbrae?

149 1489 189 1540 Et
201 1504 310 1540 securus
320 1506 366 1538 eo:
385 1497 409 1538 te
421 1503 498 1537 sueno
512 1487 604 1538 Marte
615 1487 775 1551 trebatium,

150 1557 330 1623 Pompeioque
338 1573 437 1625 graves
445 1572 547 1621 poenae
558 1557 683 1624 nobisque
694 1559 834 1621 daturum,

90 1624 139 1674 615
154 1625 220 1675 Cum
231 1625 339 1685 morior,
351 1641 461 1691 sperare
473 1625 544 1675 ticet.
563 1625 623 1676 Non
635 1627 714 1693 plura
722 1627 847 1678 locutum

150 1695 216 1746 Vita
225 1694 304 1761 fugit,
316 1695 470 1761 normaeque
483 1694 578 1746 oculos
590 1709 714 1761 pressere
726 1697 871 1749 tenebrae.

202 1764 367 1830 impendisse
378 1764 463 1830 pudet
472 1764 609 1830 lacrymas
619 1766 645 1814 in
657 1764 752 1818 funere
764 1767 858 1817 mundi

150 1834 285 1884 Mortibus
295 1834 451 1894 innumeris,
464 1849 496 1883 ac
510 1835 616 1901 singula
626 1834 685 1884 sata
695 1842 856 1902 sequentem

152 1905 299 1966 Quaerere,
310 1902 446 1954 letiferum
458 1918 507 1968 per
519 1905 595 1954 cuius
605 1903 711 1954 viscera
720 1904 818 1955 virinus

90 1971 140 2020 626
152 1972 270 2035 Exierit3
291 1973 349 2038 quis
360 1971 422 2022 fusa
433 1973 492 2022 solo
503 1972 597 2022 utalia
609 1971 709 2036 calcet;

152 2042 206 2091 Ore
218 2042 277 2108 quis
289 2041 413 2103 adverso,
426 2041 543 2092 demisso
555 2040 679 2092 faucibus
691 2056 764 2103 ense,

151 2111 294 2176 Expulerit
302 2112 421 2160 moriens
433 2112 563 2175 animam3
584 2112 642 2177 quis
655 2117 766 2160 corruat
775 2112 843 2174 ictu,

107 2188 111 2193 ’
152 2180 218 2239 Quis
229 2181 345 2242 steterit,
362 2180 425 2229 dum
436 2180 559 2229 membra
569 2180 682 2230 cadunt:
703 2181 761 2246 quis
772 2187 889 2246 pectore

622 2249 676 2298 tela

150 2316 339 2380 Transmittat,
350 2317 391 2367 rel
403 2332 470 2383 quos
481 2319 583 2384 campis
594 2318 712 2367 affixerit
722 2316 816 2369 hasta:

89 2382 139 2432 625
152 2385 218 2444 Quis
229 2400 311 2436 cruor
321 2387 426 2436 emissis
437 2387 593 2453 perrupem't
603 2402 669 2437 aera
678 2388 763 2449 venis,

148 2454 231 2520 inque
242 2451 329 2506 hostis
342 2455 423 2505 cadat
437 2470 512 2504 arma
522 2457 576 2505 sui:
595 2457 654 2522 quis
666 2461 780 2520 pectora
790 2454 885 2509 fratris

149 2522 265 2584 Caedut,
279 2530 320 2586 ct,
331 2530 361 2573 ut
374 2531 467 2574 notum
480 2526 566 2589 possit
577 2524 695 2590 spoliare
707 2525 834 2588 cadaver,

146 2590 286 2641 Abscisum
297 2591 378 2660 iunge
388 2594 480 2642 mittat
491 2599 586 2659 caput:
606 2609 655 2642 ora
665 2595 787 2658 parentis

148 2659 214 2719 Quis
224 2658 336 2723 iaceret,
346 2663 481 2728 nimiaque
492 2663 591 2727 probet
601 2663 787 2729 spectantibus
797 2663 851 2724 ira,
