<?xml version="1.0" encoding="UTF-8"?>
<!DOCTYPE html PUBLIC "-//W3C//DTD XHTML 1.0 Transitional//EN"
    "http://www.w3.org/TR/xhtml1/DTD/xhtml1-transitional.dtd">
<html xmlns="http://www.w3.org/1999/xhtml" xml:lang="en" lang="en">
 <head>
  <title>
</title>
<meta http-equiv="Content-Type" content="text/html;charset=utf-8" />
  <meta name='ocr-system' content='tesseract 3.04.00' />
  <meta name='ocr-capabilities' content='ocr_page ocr_carea ocr_par ocr_line ocrx_word'/>
</head>
<body>
  <div class='ocr_page' id='page_1' title='image "./mannaeilucaniph01lucagoog_0125.png"; bbox 0 0 1950 3218; ppageno 0'>
   <div class='ocr_carea' id='block_1_1' title="bbox 140 149 707 203">
    <p class='ocr_par' dir='ltr' id='par_1_1' title="bbox 140 149 707 203">
     <span class='ocr_line' id='line_1_1' title="bbox 140 149 707 203; baseline 0.004 -3"><span class='ocrx_word' id='word_1_1' title='bbox 140 150 191 201; x_wconf 71' lang='lat'><strong>116</strong></span> <span class='ocrx_word' id='word_1_2' title='bbox 313 152 351 202; x_wconf 82' lang='lat' dir='ltr'><strong>M.</strong></span> <span class='ocrx_word' id='word_1_3' title='bbox 388 150 488 202; x_wconf 63' lang='lat' dir='ltr'><strong>ANK.</strong></span> <span class='ocrx_word' id='word_1_4' title='bbox 524 149 707 203; x_wconf 70' lang='lat' dir='ltr'><strong>Lucani</strong></span> 
     </span>
    </p>
   </div>
   <div class='ocr_carea' id='block_1_2' title="bbox 90 304 876 2140">
    <p class='ocr_par' dir='ltr' id='par_1_2' title="bbox 90 304 876 2140">
     <span class='ocr_line' id='line_1_2' title="bbox 144 304 875 406; baseline -0.005 -16"><span class='ocrx_word' id='word_1_5' title='bbox 144 304 306 406; x_wconf 80' lang='lat' dir='ltr'><strong>postquam</strong></span> <span class='ocrx_word' id='word_1_6' title='bbox 317 348 409 389; x_wconf 85' lang='lat' dir='ltr'><strong>eastra</strong></span> <span class='ocrx_word' id='word_1_7' title='bbox 421 339 517 401; x_wconf 85' lang='lat' dir='ltr'><strong>duces,</strong></span> <span class='ocrx_word' id='word_1_8' title='bbox 528 355 636 406; x_wconf 81' lang='lat' dir='ltr'>pugnae</span> <span class='ocrx_word' id='word_1_9' title='bbox 646 341 700 388; x_wconf 85' lang='lat' dir='ltr'><strong>iam</strong></span> <span class='ocrx_word' id='word_1_10' title='bbox 709 344 802 387; x_wconf 85' lang='lat' dir='ltr'><strong>mente</strong></span> <span class='ocrx_word' id='word_1_11' title='bbox 814 351 875 403; x_wconf 88' lang='lat' dir='ltr'><strong>pra·</strong></span> 
     </span>
     <span class='ocr_line' id='line_1_3' title="bbox 612 408 713 475; baseline -0.01 -18"><span class='ocrx_word' id='word_1_12' title='bbox 612 408 713 475; x_wconf 88' lang='lat' dir='ltr'><strong>pinqui‚</strong></span> 
     </span>
     <span class='ocr_line' id='line_1_4' title="bbox 139 476 821 544; baseline -0.001 -19"><span class='ocrx_word' id='word_1_13' title='bbox 139 479 295 542; x_wconf 89' lang='lat' dir='ltr'><strong>imposuere</strong></span> <span class='ocrx_word' id='word_1_14' title='bbox 307 478 386 542; x_wconf 81' lang='lat' dir='ltr'><strong>iugis,</strong></span> <span class='ocrx_word' id='word_1_15' title='bbox 398 476 563 544; x_wconf 85' lang='lat' dir='ltr'><strong>admotaque</strong></span> <span class='ocrx_word' id='word_1_16' title='bbox 573 478 724 527; x_wconf 85' lang='lat' dir='ltr'><strong>comminus</strong></span> <span class='ocrx_word' id='word_1_17' title='bbox 735 490 821 537; x_wconf 85' lang='lat' dir='ltr'><strong>arma,</strong></span> 
     </span>
     <span class='ocr_line' id='line_1_5' title="bbox 138 544 832 614; baseline -0.001 -19"><span class='ocrx_word' id='word_1_18' title='bbox 138 547 244 614; x_wconf 78' lang='lat' dir='ltr'>Parque</span> <span class='ocrx_word' id='word_1_19' title='bbox 257 562 334 596; x_wconf 86' lang='lat' dir='ltr'><strong>suurn</strong></span> <span class='ocrx_word' id='word_1_20' title='bbox 346 544 438 594; x_wconf 85' lang='lat' dir='ltr'><strong>ridere</strong></span> <span class='ocrx_word' id='word_1_21' title='bbox 449 546 501 608; x_wconf 85' lang='lat' dir='ltr'><strong>dei,</strong></span> <span class='ocrx_word' id='word_1_22' title='bbox 515 561 614 611; x_wconf 83' lang='lat' dir='ltr'><strong>capere</strong></span> <span class='ocrx_word' id='word_1_23' title='bbox 626 546 718 596; x_wconf 88' lang='lat' dir='ltr'><strong>emnia</strong></span> <span class='ocrx_word' id='word_1_24' title='bbox 728 545 832 596; x_wconf 83' lang='lat' dir='ltr'><strong>Caesar</strong></span> 
     </span>
     <span class='ocr_line' id='line_1_6' title="bbox 137 614 876 683; baseline -0.003 -18"><span class='ocrx_word' id='word_1_25' title='bbox 137 616 248 666; x_wconf 86' lang='lat' dir='ltr'><strong>Maenia</strong></span> <span class='ocrx_word' id='word_1_26' title='bbox 260 616 404 665; x_wconf 88' lang='lat' dir='ltr'><strong>Graiarum</strong></span> <span class='ocrx_word' id='word_1_27' title='bbox 415 617 531 679; x_wconf 85' lang='lat' dir='ltr'><strong>spernit,</strong></span> <span class='ocrx_word' id='word_1_28' title='bbox 543 616 715 683; x_wconf 85' lang='lat' dir='ltr'><strong>Martemque</strong></span> <span class='ocrx_word' id='word_1_29' title='bbox 725 614 876 665; x_wconf 85' lang='lat' dir='ltr'><strong>secundum</strong></span> 
     </span>
     <span class='ocr_line' id='line_1_7' title="bbox 110 683 733 750; baseline 0.002 -17"><span class='ocrx_word' id='word_1_30' title='bbox 110 685 127 733; x_wconf 81' lang='lat'>5</span> <span class='ocrx_word' id='word_1_31' title='bbox 139 686 195 735; x_wconf 92' lang='lat' dir='ltr'><strong>iam</strong></span> <span class='ocrx_word' id='word_1_32' title='bbox 206 686 256 734; x_wconf 92' lang='lat' dir='ltr'><strong>nisi</strong></span> <span class='ocrx_word' id='word_1_33' title='bbox 269 684 302 732; x_wconf 88' lang='lat' dir='ltr'><strong>de</strong></span> <span class='ocrx_word' id='word_1_34' title='bbox 314 698 415 750; x_wconf 83' lang='lat' dir='ltr'><strong>genera</strong></span> <span class='ocrx_word' id='word_1_35' title='bbox 427 683 491 734; x_wconf 87' lang='lat' dir='ltr'><strong>fatis</strong></span> <span class='ocrx_word' id='word_1_36' title='bbox 503 684 603 734; x_wconf 87' lang='lat' dir='ltr'><strong>debere</strong></span> <span class='ocrx_word' id='word_1_37' title='bbox 615 689 733 735; x_wconf 81' lang='lat' dir='ltr'><strong>recusat.</strong></span> 
     </span>
     <span class='ocr_line' id='line_1_8' title="bbox 136 751 814 818; baseline -0.003 -15"><span class='ocrx_word' id='word_1_38' title='bbox 136 755 284 803; x_wconf 81' lang='lat' dir='ltr'><strong>Funestam</strong></span> <span class='ocrx_word' id='word_1_39' title='bbox 296 752 396 800; x_wconf 85' lang='lat' dir='ltr'><strong>arundo</strong></span> <span class='ocrx_word' id='word_1_40' title='bbox 407 755 478 803; x_wconf 79' lang='lat' dir='ltr'><strong>rotis</strong></span> <span class='ocrx_word' id='word_1_41' title='bbox 489 754 558 818; x_wconf 86' lang='lat' dir='ltr'><strong>petit</strong></span> <span class='ocrx_word' id='word_1_42' title='bbox 570 753 694 803; x_wconf 88' lang='lat' dir='ltr'><strong>amnibus</strong></span> <span class='ocrx_word' id='word_1_43' title='bbox 708 751 814 815; x_wconf 87' lang='lat' dir='ltr'><strong>haram,</strong></span> 
     </span>
     <span class='ocr_line' id='line_1_9' title="bbox 136 820 816 888; baseline 0 -16"><span class='ocrx_word' id='word_1_44' title='bbox 136 824 165 873; x_wconf 96' lang='lat' dir='ltr'><strong>ln</strong></span> <span class='ocrx_word' id='word_1_45' title='bbox 179 837 271 871; x_wconf 80' lang='lat' dir='ltr'><strong>casum</strong></span> <span class='ocrx_word' id='word_1_46' title='bbox 284 837 352 888; x_wconf 89' lang='lat' dir='ltr'><strong>quae</strong></span> <span class='ocrx_word' id='word_1_47' title='bbox 365 829 464 871; x_wconf 85' lang='lat' dir='ltr'><strong>cuneta</strong></span> <span class='ocrx_word' id='word_1_48' title='bbox 475 822 554 872; x_wconf 83' lang='lat' dir='ltr'><strong>ierat.</strong></span> <span class='ocrx_word' id='word_1_49' title='bbox 582 822 678 873; x_wconf 81' lang='lat' dir='ltr'>Placet</span> <span class='ocrx_word' id='word_1_50' title='bbox 688 823 750 872; x_wconf 89' lang='lat' dir='ltr'><strong>alea</strong></span> <span class='ocrx_word' id='word_1_51' title='bbox 764 820 816 872; x_wconf 79' lang='lat' dir='ltr'><strong>fati</strong></span> 
     </span>
     <span class='ocr_line' id='line_1_10' title="bbox 134 891 857 958; baseline 0 -17"><span class='ocrx_word' id='word_1_52' title='bbox 134 891 301 941; x_wconf 79' lang='lat' dir='ltr'><strong>Alterutrum</strong></span> <span class='ocrx_word' id='word_1_53' title='bbox 312 907 435 941; x_wconf 82' lang='lat' dir='ltr'><strong>mersura</strong></span> <span class='ocrx_word' id='word_1_54' title='bbox 446 899 536 958; x_wconf 86' lang='lat' dir='ltr'><strong>eaput.</strong></span> <span class='ocrx_word' id='word_1_55' title='bbox 567 893 623 942; x_wconf 86' lang='lat' dir='ltr'><strong>Ter</strong></span> <span class='ocrx_word' id='word_1_56' title='bbox 634 892 747 942; x_wconf 88' lang='lat' dir='ltr'><strong>callibus</strong></span> <span class='ocrx_word' id='word_1_57' title='bbox 760 906 857 942; x_wconf 83' lang='lat' dir='ltr'><strong>omnes</strong></span> 
     </span>
     <span class='ocr_line' id='line_1_11' title="bbox 136 961 809 1028; baseline 0 -18"><span class='ocrx_word' id='word_1_58' title='bbox 136 961 275 1026; x_wconf 81' lang='lat' dir='ltr'><strong>Explicuit</strong></span> <span class='ocrx_word' id='word_1_59' title='bbox 286 968 398 1022; x_wconf 87' lang='lat' dir='ltr'><strong>turmas,</strong></span> <span class='ocrx_word' id='word_1_60' title='bbox 409 969 436 1010; x_wconf 91' lang='lat' dir='ltr'><strong>et</strong></span> <span class='ocrx_word' id='word_1_61' title='bbox 448 963 526 1028; x_wconf 81' lang='lat' dir='ltr'><strong>signa</strong></span> <span class='ocrx_word' id='word_1_62' title='bbox 536 963 668 1012; x_wconf 82' lang='lat' dir='ltr'><strong>minantia</strong></span> <span class='ocrx_word' id='word_1_63' title='bbox 681 976 809 1028; x_wconf 85' lang='lat' dir='ltr'><strong>pugnam,</strong></span> 
     </span>
     <span class='ocr_line' id='line_1_12' title="bbox 92 1030 796 1098; baseline -0.001 -18"><span class='ocrx_word' id='word_1_64' title='bbox 92 1033 125 1080; x_wconf 83' lang='lat'><strong>10</strong></span> <span class='ocrx_word' id='word_1_65' title='bbox 138 1032 268 1080; x_wconf 84' lang='lat' dir='ltr'><strong>Testatus</strong></span> <span class='ocrx_word' id='word_1_66' title='bbox 279 1046 423 1098; x_wconf 90' lang='lat' dir='ltr'><strong>numquam</strong></span> <span class='ocrx_word' id='word_1_67' title='bbox 435 1030 533 1080; x_wconf 78' lang='lat' dir='ltr'><strong>Latiae</strong></span> <span class='ocrx_word' id='word_1_68' title='bbox 544 1047 573 1082; x_wconf 87' lang='lat' dir='ltr'><strong>se</strong></span> <span class='ocrx_word' id='word_1_69' title='bbox 585 1032 680 1081; x_wconf 78' lang='lat' dir='ltr'>deesse</span> <span class='ocrx_word' id='word_1_70' title='bbox 693 1031 796 1080; x_wconf 86' lang='lat' dir='ltr'><strong>ruinae.</strong></span> 
     </span>
     <span class='ocr_line' id='line_1_13' title="bbox 137 1099 735 1165; baseline 0.002 -15"><span class='ocrx_word' id='word_1_71' title='bbox 137 1101 172 1150; x_wconf 91' lang='lat' dir='ltr'><strong>Ut</strong></span> <span class='ocrx_word' id='word_1_72' title='bbox 183 1099 258 1150; x_wconf 74' lang='lat' dir='ltr'><strong>sidet</strong></span> <span class='ocrx_word' id='word_1_73' title='bbox 269 1100 303 1150; x_wconf 88' lang='lat' dir='ltr'><strong>ad</strong></span> <span class='ocrx_word' id='word_1_74' title='bbox 316 1101 402 1150; x_wconf 84' lang='lat' dir='ltr'><strong>nullas</strong></span> <span class='ocrx_word' id='word_1_75' title='bbox 414 1102 497 1150; x_wconf 81' lang='lat' dir='ltr'><strong>exciri</strong></span> <span class='ocrx_word' id='word_1_76' title='bbox 510 1116 591 1165; x_wconf 85' lang='lat' dir='ltr'><strong>passe</strong></span> <span class='ocrx_word' id='word_1_77' title='bbox 603 1099 735 1151; x_wconf 85' lang='lat' dir='ltr'><strong>tumultus</strong></span> 
     </span>
     <span class='ocr_line' id='line_1_14' title="bbox 136 1170 876 1237; baseline 0.001 -18"><span class='ocrx_word' id='word_1_78' title='bbox 136 1171 166 1220; x_wconf 94' lang='lat' dir='ltr'><strong>ln</strong></span> <span class='ocrx_word' id='word_1_79' title='bbox 177 1186 295 1237; x_wconf 82' lang='lat' dir='ltr'><strong>pugnam</strong></span> <span class='ocrx_word' id='word_1_80' title='bbox 308 1186 447 1237; x_wconf 77' lang='lat' dir='ltr'><strong>generum,</strong></span> <span class='ocrx_word' id='word_1_81' title='bbox 459 1170 507 1220; x_wconf 88' lang='lat' dir='ltr'><strong>sed</strong></span> <span class='ocrx_word' id='word_1_82' title='bbox 519 1170 611 1220; x_wconf 86' lang='lat' dir='ltr'><strong>clausa</strong></span> <span class='ocrx_word' id='word_1_83' title='bbox 626 1170 709 1219; x_wconf 81' lang='lat' dir='ltr'><strong>fidere</strong></span> <span class='ocrx_word' id='word_1_84' title='bbox 721 1170 803 1233; x_wconf 82' lang='lat' dir='ltr'><strong>ralla,</strong></span> <span class='ocrx_word' id='word_1_85' title='bbox 873 1200 876 1207; x_wconf 94' lang='lat'>·</span> 
     </span>
     <span class='ocr_line' id='line_1_15' title="bbox 135 1239 804 1307; baseline 0 -18"><span class='ocrx_word' id='word_1_86' title='bbox 135 1239 219 1307; x_wconf 84' lang='lat' dir='ltr'><strong>Signa</strong></span> <span class='ocrx_word' id='word_1_87' title='bbox 230 1247 330 1302; x_wconf 82' lang='lat' dir='ltr'><strong>maret,</strong></span> <span class='ocrx_word' id='word_1_88' title='bbox 343 1248 487 1306; x_wconf 84' lang='lat' dir='ltr'><strong>tectusque</strong></span> <span class='ocrx_word' id='word_1_89' title='bbox 498 1241 542 1289; x_wconf 87' lang='lat' dir='ltr'><strong>ria</strong></span> <span class='ocrx_word' id='word_1_90' title='bbox 552 1240 667 1289; x_wconf 88' lang='lat' dir='ltr'><strong>dumosa</strong></span> <span class='ocrx_word' id='word_1_91' title='bbox 677 1254 726 1304; x_wconf 90' lang='lat' dir='ltr'><strong>per</strong></span> <span class='ocrx_word' id='word_1_92' title='bbox 737 1254 804 1289; x_wconf 84' lang='lat' dir='ltr'><strong>arva</strong></span> 
     </span>
     <span class='ocr_line' id='line_1_16' title="bbox 134 1307 847 1376; baseline 0.003 -18"><span class='ocrx_word' id='word_1_93' title='bbox 134 1307 300 1374; x_wconf 75' lang='lat' dir='ltr'><strong>Dyrrhachii</strong></span> <span class='ocrx_word' id='word_1_94' title='bbox 313 1325 444 1376; x_wconf 84' lang='lat' dir='ltr'><strong>praeceps</strong></span> <span class='ocrx_word' id='word_1_95' title='bbox 455 1310 599 1374; x_wconf 84' lang='lat' dir='ltr'><strong>rapiendas</strong></span> <span class='ocrx_word' id='word_1_96' title='bbox 610 1309 697 1359; x_wconf 87' lang='lat' dir='ltr'><strong>tendit</strong></span> <span class='ocrx_word' id='word_1_97' title='bbox 712 1309 747 1357; x_wconf 78' lang='lat' dir='ltr'><strong>aii</strong></span> <span class='ocrx_word' id='word_1_98' title='bbox 759 1324 847 1360; x_wconf 82' lang='lat' dir='ltr'><strong>arces.</strong></span> 
     </span>
     <span class='ocr_line' id='line_1_17' title="bbox 91 1379 798 1445; baseline 0.001 -17"><span class='ocrx_word' id='word_1_99' title='bbox 91 1379 124 1428; x_wconf 83' lang='lat'><strong>15</strong></span> <span class='ocrx_word' id='word_1_100' title='bbox 136 1380 199 1428; x_wconf 85' lang='lat' dir='ltr'><strong>Hac</strong></span> <span class='ocrx_word' id='word_1_101' title='bbox 211 1382 264 1428; x_wconf 87' lang='lat' dir='ltr'><strong>iter</strong></span> <span class='ocrx_word' id='word_1_102' title='bbox 275 1395 413 1444; x_wconf 89' lang='lat' dir='ltr'><strong>aequorea</strong></span> <span class='ocrx_word' id='word_1_103' title='bbox 426 1381 567 1445; x_wconf 82' lang='lat' dir='ltr'><strong>praecepit</strong></span> <span class='ocrx_word' id='word_1_104' title='bbox 578 1379 661 1428; x_wconf 90' lang='lat' dir='ltr'><strong>limite</strong></span> <span class='ocrx_word' id='word_1_105' title='bbox 671 1379 798 1444; x_wconf 82' lang='lat' dir='ltr'><strong>Magnus,</strong></span> 
     </span>
     <span class='ocr_line' id='line_1_18' title="bbox 135 1447 874 1514; baseline 0 -18"><span class='ocrx_word' id='word_1_106' title='bbox 135 1447 365 1514; x_wconf 79' lang='lat' dir='ltr'><strong>Quemqneraeat</strong></span> <span class='ocrx_word' id='word_1_107' title='bbox 377 1449 643 1497; x_wconf 70' lang='lat' dir='ltr'><strong>eniiem&#39;l‘auiantins</strong></span> <span class='ocrx_word' id='word_1_108' title='bbox 654 1447 745 1496; x_wconf 82' lang='lat' dir='ltr'><strong>incula</strong></span> <span class='ocrx_word' id='word_1_109' title='bbox 751 1447 874 1511; x_wconf 88' lang='lat' dir='ltr'><strong>Petram,</strong></span> 
     </span>
     <span class='ocr_line' id='line_1_19' title="bbox 133 1516 783 1582; baseline 0.002 -17"><span class='ocrx_word' id='word_1_110' title='bbox 133 1517 236 1566; x_wconf 78' lang='lat' dir='ltr'><strong>Insedit</strong></span> <span class='ocrx_word' id='word_1_111' title='bbox 248 1518 354 1576; x_wconf 83' lang='lat' dir='ltr'><strong>eastris,</strong></span> <span class='ocrx_word' id='word_1_112' title='bbox 368 1516 551 1582; x_wconf 77' lang='lat' dir='ltr'><strong>Ephyreaqne</strong></span> <span class='ocrx_word' id='word_1_113' title='bbox 564 1518 672 1566; x_wconf 83' lang='lat' dir='ltr'><strong>muenia</strong></span> <span class='ocrx_word' id='word_1_114' title='bbox 682 1523 783 1579; x_wconf 81' lang='lat' dir='ltr'><strong>servat,</strong></span> 
     </span>
     <span class='ocr_line' id='line_1_20' title="bbox 131 1584 759 1636; baseline 0.003 -3"><span class='ocrx_word' id='word_1_115' title='bbox 131 1584 289 1633; x_wconf 83' lang='lat' dir='ltr'><strong>Defendens</strong></span> <span class='ocrx_word' id='word_1_116' title='bbox 301 1592 387 1634; x_wconf 89' lang='lat' dir='ltr'><strong>tutam</strong></span> <span class='ocrx_word' id='word_1_117' title='bbox 400 1584 514 1634; x_wconf 84' lang='lat' dir='ltr'><strong>velsaiis</strong></span> <span class='ocrx_word' id='word_1_118' title='bbox 526 1587 645 1636; x_wconf 88' lang='lat' dir='ltr'><strong>turribus</strong></span> <span class='ocrx_word' id='word_1_119' title='bbox 657 1586 759 1635; x_wconf 86' lang='lat' dir='ltr'><strong>urbem.</strong></span> 
     </span>
     <span class='ocr_line' id='line_1_21' title="bbox 133 1652 874 1719; baseline 0.007 -17"><span class='ocrx_word' id='word_1_120' title='bbox 133 1653 193 1702; x_wconf 79' lang='lat' dir='ltr'><strong>Non</strong></span> <span class='ocrx_word' id='word_1_121' title='bbox 206 1669 274 1718; x_wconf 87' lang='lat' dir='ltr'><strong>opus</strong></span> <span class='ocrx_word' id='word_1_122' title='bbox 286 1652 494 1711; x_wconf 72' lang='lat' dir='ltr'><strong>hanereterum,</strong></span> <span class='ocrx_word' id='word_1_123' title='bbox 507 1655 762 1705; x_wconf 85' lang='lat' dir='ltr'><strong>necnrelesstrueta</strong></span> <span class='ocrx_word' id='word_1_124' title='bbox 770 1661 874 1719; x_wconf 86' lang='lat' dir='ltr'><strong>tuetur,</strong></span> 
     </span>
     <span class='ocr_line' id='line_1_22' title="bbox 90 1722 811 1789; baseline 0.006 -18"><span class='ocrx_word' id='word_1_125' title='bbox 90 1726 123 1771; x_wconf 86' lang='lat'><strong>2⁰</strong></span> <span class='ocrx_word' id='word_1_126' title='bbox 136 1723 331 1789; x_wconf 79' lang='lat' dir='ltr'><strong>Humanusque</strong></span> <span class='ocrx_word' id='word_1_127' title='bbox 344 1724 429 1785; x_wconf 88' lang='lat' dir='ltr'><strong>labar,</strong></span> <span class='ocrx_word' id='word_1_128' title='bbox 441 1722 538 1785; x_wconf 83' lang='lat' dir='ltr'><strong>facilis,</strong></span> <span class='ocrx_word' id='word_1_129' title='bbox 552 1724 616 1774; x_wconf 82' lang='lat' dir='ltr'><strong>iicet</strong></span> <span class='ocrx_word' id='word_1_130' title='bbox 627 1725 713 1775; x_wconf 81' lang='lat' dir='ltr'><strong>ardua</strong></span> <span class='ocrx_word' id='word_1_131' title='bbox 723 1724 811 1787; x_wconf 82' lang='lat' dir='ltr'><strong>tollat,</strong></span> 
     </span>
     <span class='ocr_line' id='line_1_23' title="bbox 134 1792 838 1854; baseline 0.004 -12"><span class='ocrx_word' id='word_1_132' title='bbox 134 1792 237 1842; x_wconf 85' lang='lat' dir='ltr'><strong>Cedere</strong></span> <span class='ocrx_word' id='word_1_133' title='bbox 248 1793 290 1842; x_wconf 87' lang='lat' dir='ltr'><strong>vei</strong></span> <span class='ocrx_word' id='word_1_134' title='bbox 300 1793 386 1854; x_wconf 81' lang='lat' dir='ltr'><strong>bellis,</strong></span> <span class='ocrx_word' id='word_1_135' title='bbox 398 1794 441 1843; x_wconf 85' lang='lat' dir='ltr'><strong>rei</strong></span> <span class='ocrx_word' id='word_1_136' title='bbox 453 1800 553 1842; x_wconf 82' lang='lat' dir='ltr'><strong>anneta</strong></span> <span class='ocrx_word' id='word_1_137' title='bbox 563 1795 734 1845; x_wconf 82' lang='lat' dir='ltr'><strong>moventibus</strong></span> <span class='ocrx_word' id='word_1_138' title='bbox 746 1796 838 1845; x_wconf 79' lang='lat' dir='ltr'><strong>annis:</strong></span> 
     </span>
     <span class='ocr_line' id='line_1_24' title="bbox 133 1861 783 1930; baseline 0 -18"><span class='ocrx_word' id='word_1_139' title='bbox 133 1861 188 1912; x_wconf 83' lang='lat' dir='ltr'><strong>Sed</strong></span> <span class='ocrx_word' id='word_1_140' title='bbox 199 1863 333 1912; x_wconf 85' lang='lat' dir='ltr'><strong>munimen</strong></span> <span class='ocrx_word' id='word_1_141' title='bbox 346 1861 437 1924; x_wconf 85' lang='lat' dir='ltr'><strong>habet,</strong></span> <span class='ocrx_word' id='word_1_142' title='bbox 449 1863 521 1913; x_wconf 84' lang='lat' dir='ltr'><strong>inilia</strong></span> <span class='ocrx_word' id='word_1_143' title='bbox 535 1864 688 1930; x_wconf 82' lang='lat' dir='ltr'><strong>quassabile</strong></span> <span class='ocrx_word' id='word_1_144' title='bbox 700 1863 783 1926; x_wconf 78' lang='lat' dir='ltr'><strong>ferre,</strong></span> 
     </span>
     <span class='ocr_line' id='line_1_25' title="bbox 133 1920 851 2000; baseline 0.004 -18"><span class='ocrx_word' id='word_1_145' title='bbox 133 1920 266 1982; x_wconf 61' lang='lat' dir='ltr'><strong>riatur-am</strong></span> <span class='ocrx_word' id='word_1_146' title='bbox 278 1932 424 1998; x_wconf 83' lang='lat' dir='ltr'><strong>sedemque</strong></span> <span class='ocrx_word' id='word_1_147' title='bbox 436 1934 498 1982; x_wconf 83' lang='lat' dir='ltr'><strong>laci.</strong></span> <span class='ocrx_word' id='word_1_148' title='bbox 526 1932 595 1983; x_wconf 81' lang='lat' dir='ltr'><strong>Nam</strong></span> <span class='ocrx_word' id='word_1_149' title='bbox 610 1935 702 1984; x_wconf 85' lang='lat' dir='ltr'><strong>ciausa</strong></span> <span class='ocrx_word' id='word_1_150' title='bbox 714 1932 851 2000; x_wconf 79' lang='lat' dir='ltr'><strong>profundo</strong></span> 
     </span>
     <span class='ocr_line' id='line_1_26' title="bbox 136 2002 867 2071; baseline 0.004 -19"><span class='ocrx_word' id='word_1_151' title='bbox 136 2002 257 2067; x_wconf 76' lang='lat' dir='ltr'><strong>Undique</strong></span> <span class='ocrx_word' id='word_1_152' title='bbox 273 2003 416 2068; x_wconf 81' lang='lat' dir='ltr'><strong>praecipiti</strong></span> <span class='ocrx_word' id='word_1_153' title='bbox 439 2002 612 2071; x_wconf 85' lang='lat' dir='ltr'><strong>scapulisque</strong></span> <span class='ocrx_word' id='word_1_154' title='bbox 632 2004 803 2054; x_wconf 77' lang='lat' dir='ltr'><strong>vomentibus</strong></span> <span class='ocrx_word' id='word_1_155' title='bbox 820 2018 867 2055; x_wconf 81' lang='lat' dir='ltr'><strong>ae·</strong></span> 
     </span>
     <span class='ocr_line' id='line_1_27' title="bbox 609 2089 685 2140; baseline -0.013 -18"><span class='ocrx_word' id='word_1_156' title='bbox 609 2089 685 2140; x_wconf 86' lang='lat' dir='ltr'><strong>qnnr,</strong></span> 
     </span>
    </p>
   </div>
   <div class='ocr_carea' id='block_1_3' title="bbox 88 2139 864 2418">
    <p class='ocr_par' dir='ltr' id='par_1_3' title="bbox 88 2139 864 2418">
     <span class='ocr_line' id='line_1_28' title="bbox 88 2139 744 2209; baseline -0.005 -15"><span class='ocrx_word' id='word_1_157' title='bbox 88 2139 124 2194; x_wconf 79' lang='lat'><strong>25</strong></span> <span class='ocrx_word' id='word_1_158' title='bbox 135 2142 242 2209; x_wconf 78' lang='lat' dir='ltr'><strong>Exigua</strong></span> <span class='ocrx_word' id='word_1_159' title='bbox 255 2141 345 2202; x_wconf 82' lang='lat' dir='ltr'><strong>(lebet,</strong></span> <span class='ocrx_word' id='word_1_160' title='bbox 360 2142 431 2208; x_wconf 86' lang='lat' dir='ltr'><strong>quad</strong></span> <span class='ocrx_word' id='word_1_161' title='bbox 443 2158 496 2193; x_wconf 91' lang='lat' dir='ltr'><strong>non</strong></span> <span class='ocrx_word' id='word_1_162' title='bbox 508 2149 550 2191; x_wconf 88' lang='lat' dir='ltr'><strong>est</strong></span> <span class='ocrx_word' id='word_1_163' title='bbox 561 2143 657 2202; x_wconf 86' lang='lat' dir='ltr'><strong>insula,</strong></span> <span class='ocrx_word' id='word_1_164' title='bbox 675 2141 744 2191; x_wconf 84' lang='lat' dir='ltr'><strong>calli.</strong></span> 
     </span>
     <span class='ocr_line' id='line_1_29' title="bbox 134 2212 800 2276; baseline 0.005 -16"><span class='ocrx_word' id='word_1_165' title='bbox 134 2212 284 2262; x_wconf 82' lang='lat' dir='ltr'><strong>&#39;I&#39;erribiies</strong></span> <span class='ocrx_word' id='word_1_166' title='bbox 296 2212 400 2261; x_wconf 87' lang='lat' dir='ltr'><strong>ratibus</strong></span> <span class='ocrx_word' id='word_1_167' title='bbox 411 2218 565 2262; x_wconf 86' lang='lat' dir='ltr'><strong>sustentant</strong></span> <span class='ocrx_word' id='word_1_168' title='bbox 576 2213 685 2262; x_wconf 85' lang='lat' dir='ltr'><strong>muenia</strong></span> <span class='ocrx_word' id='word_1_169' title='bbox 695 2218 800 2276; x_wconf 82' lang='lat' dir='ltr'><strong>cautes,</strong></span> 
     </span>
     <span class='ocr_line' id='line_1_30' title="bbox 132 2281 818 2348; baseline 0.006 -19"><span class='ocrx_word' id='word_1_170' title='bbox 132 2282 292 2348; x_wconf 89' lang='lat' dir='ltr'><strong>laniumque</strong></span> <span class='ocrx_word' id='word_1_171' title='bbox 304 2281 396 2331; x_wconf 82' lang='lat' dir='ltr'><strong>furens</strong></span> <span class='ocrx_word' id='word_1_172' title='bbox 408 2282 503 2347; x_wconf 89' lang='lat' dir='ltr'><strong>rapido</strong></span> <span class='ocrx_word' id='word_1_173' title='bbox 516 2297 576 2331; x_wconf 85' lang='lat' dir='ltr'><strong>cum</strong></span> <span class='ocrx_word' id='word_1_174' title='bbox 588 2282 693 2331; x_wconf 82' lang='lat' dir='ltr'><strong>tollitur</strong></span> <span class='ocrx_word' id='word_1_175' title='bbox 707 2282 818 2345; x_wconf 78' lang='lat' dir='ltr'><strong>Austro,</strong></span> 
     </span>
     <span class='ocr_line' id='line_1_31' title="bbox 133 2350 864 2418; baseline 0.005 -19"><span class='ocrx_word' id='word_1_176' title='bbox 133 2351 249 2416; x_wconf 81' lang='lat' dir='ltr'><strong>&#39;l&#39;empla</strong></span> <span class='ocrx_word' id='word_1_177' title='bbox 261 2350 411 2418; x_wconf 87' lang='lat' dir='ltr'><strong>damasque</strong></span> <span class='ocrx_word' id='word_1_178' title='bbox 423 2353 519 2418; x_wconf 86' lang='lat' dir='ltr'><strong>quatit,</strong></span> <span class='ocrx_word' id='word_1_179' title='bbox 532 2357 693 2417; x_wconf 86' lang='lat' dir='ltr'><strong>spumatque</strong></span> <span class='ocrx_word' id='word_1_180' title='bbox 704 2351 732 2400; x_wconf 91' lang='lat' dir='ltr'><strong>in</strong></span> <span class='ocrx_word' id='word_1_181' title='bbox 744 2351 864 2403; x_wconf 84' lang='lat' dir='ltr'><strong>culmina</strong></span> 
     </span>
    </p>
   </div>
   <div class='ocr_carea' id='block_1_4' title="bbox 92 2427 874 2763">
    <p class='ocr_par' dir='ltr' id='par_1_4' title="bbox 92 2427 874 2763">
     <span class='ocr_line' id='line_1_32' title="bbox 608 2427 716 2484; baseline 0.019 -17"><span class='ocrx_word' id='word_1_182' title='bbox 608 2427 716 2484; x_wconf 84' lang='lat' dir='ltr'><strong>pontus.</strong></span> 
     </span>
     <span class='ocr_line' id='line_1_33' title="bbox 184 2488 874 2555; baseline 0.007 -18"><span class='ocrx_word' id='word_1_183' title='bbox 184 2488 247 2537; x_wconf 88' lang='lat' dir='ltr'><strong>Huc</strong></span> <span class='ocrx_word' id='word_1_184' title='bbox 259 2488 363 2538; x_wconf 78' lang='lat' dir='ltr'><strong>aridam</strong></span> <span class='ocrx_word' id='word_1_185' title='bbox 374 2489 436 2537; x_wconf 89' lang='lat' dir='ltr'><strong>beili</strong></span> <span class='ocrx_word' id='word_1_186' title='bbox 450 2489 540 2555; x_wconf 87' lang='lat' dir='ltr'><strong>rapuit</strong></span> <span class='ocrx_word' id='word_1_187' title='bbox 550 2503 612 2552; x_wconf 89' lang='lat' dir='ltr'><strong>spes</strong></span> <span class='ocrx_word' id='word_1_188' title='bbox 621 2488 874 2554; x_wconf 85' lang='lat' dir='ltr'><strong>improbamentem</strong></span> 
     </span>
     <span class='ocr_line' id='line_1_34' title="bbox 92 2555 794 2618; baseline 0.007 -12"><span class='ocrx_word' id='word_1_189' title='bbox 92 2555 126 2606; x_wconf 74' lang='lat'><strong>30</strong></span> <span class='ocrx_word' id='word_1_190' title='bbox 139 2558 272 2618; x_wconf 84' lang='lat' dir='ltr'><strong>Caesaris,</strong></span> <span class='ocrx_word' id='word_1_191' title='bbox 285 2564 315 2607; x_wconf 92' lang='lat' dir='ltr'><strong>ut</strong></span> <span class='ocrx_word' id='word_1_192' title='bbox 325 2558 409 2608; x_wconf 76' lang='lat' dir='ltr'><strong>rastis</strong></span> <span class='ocrx_word' id='word_1_193' title='bbox 421 2557 547 2607; x_wconf 76' lang='lat' dir='ltr'><strong>diffusum</strong></span> <span class='ocrx_word' id='word_1_194' title='bbox 560 2557 673 2606; x_wconf 79' lang='lat' dir='ltr'><strong>callibus</strong></span> <span class='ocrx_word' id='word_1_195' title='bbox 687 2555 794 2610; x_wconf 84' lang='lat' dir='ltr'><strong>hostem&#39;</strong></span> 
     </span>
     <span class='ocr_line' id='line_1_35' title="bbox 135 2625 805 2694; baseline 0.009 -20"><span class='ocrx_word' id='word_1_196' title='bbox 135 2625 262 2690; x_wconf 81' lang='lat' dir='ltr'><strong>Cingeret</strong></span> <span class='ocrx_word' id='word_1_197' title='bbox 274 2628 406 2691; x_wconf 81' lang='lat' dir='ltr'><strong>ignarum,</strong></span> <span class='ocrx_word' id='word_1_198' title='bbox 419 2627 501 2677; x_wconf 86' lang='lat' dir='ltr'><strong>dueta</strong></span> <span class='ocrx_word' id='word_1_199' title='bbox 514 2626 608 2692; x_wconf 83' lang='lat' dir='ltr'><strong>procui</strong></span> <span class='ocrx_word' id='word_1_200' title='bbox 619 2642 720 2694; x_wconf 78' lang='lat' dir='ltr'><strong>aggere</strong></span> <span class='ocrx_word' id='word_1_201' title='bbox 733 2629 805 2682; x_wconf 88' lang='lat' dir='ltr'><strong>valli.</strong></span> 
     </span>
     <span class='ocr_line' id='line_1_36' title="bbox 132 2694 817 2763; baseline 0.012 -19"><span class='ocrx_word' id='word_1_202' title='bbox 132 2694 246 2745; x_wconf 83' lang='lat' dir='ltr'><strong>Metitur</strong></span> <span class='ocrx_word' id='word_1_203' title='bbox 258 2702 346 2745; x_wconf 86' lang='lat' dir='ltr'><strong>terras</strong></span> <span class='ocrx_word' id='word_1_204' title='bbox 358 2697 456 2746; x_wconf 88' lang='lat' dir='ltr'><strong>neniis:</strong></span> <span class='ocrx_word' id='word_1_205' title='bbox 475 2711 526 2746; x_wconf 81' lang='lat' dir='ltr'><strong>nee</strong></span> <span class='ocrx_word' id='word_1_206' title='bbox 538 2697 640 2763; x_wconf 86' lang='lat' dir='ltr'><strong>cespite</strong></span> <span class='ocrx_word' id='word_1_207' title='bbox 652 2704 759 2751; x_wconf 88' lang='lat' dir='ltr'><strong>tantum</strong></span> <span class='ocrx_word' id='word_1_208' title='bbox 813 2753 817 2761; x_wconf 79' lang='grc'><em>,</em></span> 
     </span>
    </p>
   </div>
   <div class='ocr_carea' id='block_1_5' title="bbox 0 0 980 3218">
    <p class='ocr_par' dir='ltr' id='par_1_5' title="bbox 0 0 980 3218">
     <span class='ocr_line' id='line_1_37' title="bbox 0 0 980 3218; baseline 0 2"><span class='ocrx_word' id='word_1_209' title='bbox 0 0 980 3218; x_wconf 95' lang='lat' dir='ltr'><strong> </strong></span> 
     </span>
    </p>
   </div>
  </div>
 </body>
</html>
