1956 3106
210 181 493 233 PHARSALIA.
529 183 620 233 LlB.
647 183 699 234 Vl.
770 184 819 233 121

79 304 216 356 'Detrudit
226 302 319 365 muris,
331 308 359 353 et
368 303 431 352 valli
440 316 545 351 summa
555 306 678 351 tenentes
831 304 880 354 1ῖὸ

90 378 400 440 amputatensemanus:
412 369 608 436 caputobten't,
621 384 818 435 ossaquesaxo‚

89 446 126 494 Ae
138 442 207 493 male
220 441 359 492 defensum
371 439 461 507 fragili
472 453 604 505 compage
616 438 756 488 cerebrum

91 513 223 577 Dissipat:
243 511 353 560 alterius
363 508 472 558 flamma
483 510 623 575 crinesque
633 521 770 574 genasque

92 580 250 643 Succendit3
272 578 387 629 strident
399 577 484 629 oeulis
496 576 653 626 ardentibus
663 576 748 643 ignes.

93 653 127 702 Ut
136 651 260 717 primum,
267 647 373 698 cumulo
386 652 534 708 crescente,
546 645 681 695 cadavera
691 661 795 696 murum
833 648 882 697 180

93 722 248 786 aequavere
259 717 330 768 solo:
348 732 403 767 non
415 717 525 782 segnior
535 714 630 764 extulit
639 713 713 765 illum

92 788 191 849 Saltus,
205 792 233 837 et
243 786 270 835 in
281 785 383 835 medias
393 786 458 835 iecit
469 798 551 850 super
562 799 638 833 arom
650 789 783 848 catervas,

93 860 179 918 Quam
191 871 239 921 per
251 870 356 905 summa
365 856 438 921 rapit
448 853 563 904 celerem
573 853 706 904 venabula
717 854 839 920 pardum.

92 928 170 977 Tunc
182 926 279 976 densos
289 925 360 975 inter
371 937 472 973 cuneos
483 936 664 987 compressus,
675 928 704 972 et
714 924 786 974 omni

92 995 215 1048 Vallatus
225 993 296 1044 bello
309 993 400 1054 vincit,
413 1007 491 1059 quem
503 991 623 1056 respicit,
634 988 749 1041 bostem.
830 991 886 1042 185

90 1066 200 1131 lamque
207 1061 298 1124 hebes,
310 1067 338 1112 et
344 1077 436 1112 crasso
443 1075 497 1110 non
509 1061 823 1125 aspersanguinemucro

93 1132 268 1200 [Percussum
285 1129 406 1182 Scaevae
423 1129 537 1196 frangit,
557 1142 610 1177 non
628 1128 753 1264 vplnerat
775 1127 822 1180 bo·

561 1202 638 1247 stem.

93 1268 214 1321 Perdidit
226 1268 297 1317 ensis
309 1283 385 1332 opus,
398 1267 499 1333 frangit
509 1267 566 1315 sine
578 1265 688 1315 vulnere
701 1265 829 1317 membra.

92 1340 169 1388 illum
180 1343 240 1387 tota
250 1337 319 1401 petit
328 1336 421 1397 moles,
432 1335 505 1385 illum
518 1335 608 1385 omnia
618 1334 684 1384 tela:

91 1406 171 1458 Nulla
182 1405 232 1455 fuit
243 1421 294 1455 non
307 1411 383 1455 certa
392 1420 496 1466 nranus,
507 1421 559 1454 non
572 1404 668 1453 lancea
678 1403 751 1466 felix,
832 1406 887 1456 tte

91 1477 199 1543 Parque
211 1490 308 1524 nerum
320 1475 442 1526 Fortuna
451 1475 525 1544 videt
537 1487 708 1535 concurrere,
720 1474 820 1524 bellum

90 1549 177 1612 Atque
188 1546 282 1594 virum.
308 1544 399 1595 Fortis
411 1544 514 1595 crebris
525 1548 605 1594 sonat
615 1542 714 1594 ictibus
724 1543 816 1606 umbo,

91 1617 127 1665 lit
136 1615 230 1683 galeae
240 1613 393 1680 fragmenta
404 1628 487 1663 cavae
499 1627 656 1678 compressa
666 1619 797 1679 perurunt

92 1686 242 1750 Tempora:
261 1698 310 1733 nec
323 1684 467 1751 quidquam
478 1683 556 1732 nudis
566 1681 691 1732 vitalibus
704 1682 796 1733 obstat

95 1755 158 1813 lam,
172 1758 281 1818 praeter
290 1758 393 1802 stantes
404 1754 430 1801 in
443 1753 552 1801 summis
566 1751 671 1801 ossibus
684 1749 785 1802 hastas.
831 1751 883 1801 195

93 1822 162 1882 Quid
174 1837 252 1880 nunc,
264 1822 365 1882 vesani,
377 1821 471 1870 iaculis
482 1820 638 1886 levibusque
650 1821 757 1886 sagittis

91 1890 209 1940 Perditis
223 1887 353 1938 haesuros
364 1904 509 1955 numquam
522 1887 648 1938 vitalibus
657 1887 744 1939 ictusl

92 1959 172 2009 llune
184 1962 231 2008 aut
240 1957 376 2007 tortilibus
386 1958 492 2006 vibrata
502 1955 641 2023 phalarica
650 1958 739 2007 nemis

94 2028 207 2087 Obruat‚
219 2031 266 2075 aut
276 2027 346 2075 vasti
356 2025 469 2074 muralia
480 2026 600 2090 pondera
612 2027 682 2075 saxi:

94 2098 172 2147 Hunc
184 2095 255 2146 aries
266 2093 349 2155 ferro,
360 2093 520 2161 ballistaque
529 2093 620 2144 limine
631 2099 727 2159 portae
832 2096 883 2144 200

94 2167 276 2216 Summoreat.
296 2161 358 2213 Stat
368 2162 817 2229 noniragilisproCaesaremurus,

92 2235 394 2301 l'ompeiumquetenet.
417 2231 822 2297 lampertoranontegitarmis

92 2307 128 2355 ele
140 2306 241 2355 veritus
252 2302 327 2354 credi
338 2303 445 2368 clypeo,
454 2300 585 2366 laevaque
597 2315 718 2362 vacasse,

93 2377 144 2424 ,tut
154 2373 234 2439 eulpa
242 2373 342 2424 vixisse
352 2386 410 2433 sua,
421 2376 464 2421 tot
475 2369 587 2419 vulnera
597 2368 660 2419 belli

93 2441 171 2494 Solus
183 2442 248 2503 obit,
260 2442 424 2508 densamque
434 2439 525 2490 ferens
535 2440 560 2488 in
573 2443 685 2505 pectore
697 2439 800 2501 silvam,
832 2441 886 2490 205

92 2513 147 2562 lam
160 2510 287 2578 gradibus
297 2509 385 2572 fessis,
397 2511 423 2559 in
436 2523 514 2576 quem
526 2507 615 2569 eadat,
627 2507 703 2575 eligit
709 2506 822 2561 bostem.

93 2580 161 2648 [l'nr
171 2579 260 2647 pelagi
270 2581 406 2631 monstris.
424 2578 547 2643 Libycae
559 2577 597 2628 sic
607 2577 698 2627 bellua
707 2577 821 2647 terrae]

92 2649 136 2700 Sic
147 2648 269 2714 Libycus
281 2648 371 2700 densis
383 2645 493 2714 elephas
505 2662 651 2712 oppressus
663 2646 696 2697 ab
708 2650 789 2699 armis

92 2719 178 2770 Omne
188 2733 376 2784 repercussum
388 2717 521 2785 squalenti
531 2717 631 2767 missile
644 2723 722 2785 terge
