1950 3218
177 180 467 233 Punasaern.
502 173 682 237 erarii
747 186 798 239 rte

62 299 206 354 Emathiae
217 299 326 352 funesta
336 302 402 352 dies.
432 302 493 351 Hac
505 301 565 350 luce
587 309 700 354 eruenta

62 371 208 432 Effectum,
219 376 249 420 ut
259 370 357 420 Latios
368 385 422 419 non
434 368 546 419 horreat
556 370 633 419 lndia
643 370 741 434 fasces,

62 440 120 492 Nee
129 441 231 491 vetitos
244 454 337 489 errare
348 437 443 489 Dahas
451 440 478 488 in
489 440 597 488 moenia
607 439 698 501 ducat,

63 508 299 574 Sarmaticumque
320 513 426 573 premat
445 509 600 558 succinctus
622 509 716 559 consul
735 525 794 561 ara·

535 582 621 627 trum:
807 582 862 631 430

65 647 144 708 Quod
155 660 263 711 semper
275 659 370 695 saevas
382 644 520 695 debettibi
529 645 643 697 Parthia
655 663 768 713 poenas,

64 716 144 776 Quod
156 715 262 781 fugiens
275 714 352 764 civile
364 713 450 775 nefas,
462 714 635 782 redituraque
647 732 792 784 numquam

62 784 200 845 Libertas,
212 784 285 833 ultra
296 783 409 849 Tigrim,
421 781 597 850 Rhenumque
608 787 731 848 recessit,

63 855 110 914 Ac,
121 855 205 904 toties
214 852 292 903 nobis
303 853 395 918 iugulo
408 853 539 918 quaesita,
551 859 675 920 vagatur,

64 921 229 973 Germanum
250 920 462 987 Scythicumque
482 920 597 983 bonum,
619 938 669 974 nee
685 927 797 991 respicit

535 991 608 1040 ultra
805 994 859 1044 435

62 1059 223 1109 Ausoniam:
235 1059 341 1119 vellem,
352 1059 459 1124 populis
469 1060 610 1124 incognita
620 1062 730 1122 nostris,

60 1127 184 1178 Vulturis
196 1132 226 1176 ut
237 1130 352 1192 primum
363 1127 441 1177 laevo
453 1126 567 1176 lundata
577 1127 670 1177 volatu

59 1195 192 1246 Romulus
201 1195 297 1244 infami
308 1196 455 1262 complevit
465 1197 574 1246 moenia
584 1195 655 1257 luco,

59 1267 153 1330 Usque
165 1264 199 1313 ad
210 1262 383 1314 Thessalicas
393 1267 532 1327 servisses,
544 1266 640 1326 Roma,
651 1267 751 1317 ruinas

56 1334 102 1384 De
115 1333 216 1391 Brutis,
227 1332 358 1394 Fortuna,
370 1348 478 1399 queror.
499 1334 570 1394 Quid
577 1339 703 1400 tempora
709 1335 857 1439 loquium

56 1402 182 1468 Egimus,
193 1405 241 1450 aut
251 1416 336 1451 annos
349 1416 365 1451 a
375 1402 485 1453 consule
497 1417 594 1452 nomen
606 1401 751 1455 habentes.

56 1470 165 1522 Felices
176 1468 288 1531 Arabes,
299 1471 436 1538 Medique,
448 1473 561 1539 anque
572 1471 661 1533 tellus,

59 1541 148 1600 Quam
161 1539 210 1588 sub
221 1543 360 1605 perpetuis
370 1546 516 1591 tenuerunt
528 1540 586 1591 lata
596 1545 728 1606 tyrannis.

58 1610 102 1658 Ex
114 1609 232 1674 populis,
250 1610 295 1675 qui
305 1624 391 1676 regna
400 1609 505 1673 ferunt,
520 1626 580 1660 sors
595 1611 691 1663 ultima
701 1618 797 1664 nostra

532 1686 583 1742 est,

60 1749 136 1808 Quos
147 1748 249 1797 servire
261 1747 353 1812 pudet.
382 1746 451 1798 Sunt
461 1748 540 1799 nobis
550 1749 623 1799 nulla
633 1749 758 1815 prolecto
803 1751 856 1800 445

57 1816 188 1866 Numina:
208 1832 269 1867 eum
281 1831 364 1867 caeco
375 1819 517 1882 rapiantur
528 1819 705 1879 secuissem,

57 1886 205 1936 Mentimur
216 1900 329 1953 regnare
341 1887 442 1937 lovem.
472 1884 616 1952 Spectabit
626 1887 659 1936 ab
670 1886 726 1937 alto

56 1952 467 2015 AethereThessalicas,teneat
474 1970 535 2004 eum
541 1955 661 2016 fulmina,
675 1954 793 2005 eaedesl

58 2022 170 2075 Scilicet
178 2026 238 2089 ipse
249 2029 326 2089 petet
337 2023 468 2084 Pholoen,
480 2029 557 2087 petet
566 2023 673 2091 ignibus
687 2025 784 2085 Oeten,

56 2094 265 2160 immeritaeque
286 2107 382 2142 nemus
401 2089 562 2157 Rhodopes,
589 2094 721 2159 pinusque
742 2093 793 2142 Mi·
900 2142 904 2149 ,

529 2160 642 2210 mantis:
802 2160 857 2210 450

57 2232 165 2282 Cassius
177 2229 230 2281 hoe
240 2230 331 2296 potius
342 2228 423 2279 feriet
434 2227 531 2295 eaputi
551 2231 631 2278 Astra
642 2226 782 2294 Thyestae

56 2300 174 2367 impulit,
186 2306 214 2350 et
224 2300 319 2350 subitis
332 2297 470 2348 damnavit
480 2297 605 2347 noctibus
615 2298 714 2365 Argos:

56 2371 114 2420 Tot
124 2370 225 2421 similes
235 2368 351 2423 fratrum
361 2367 466 2434 gladios
479 2373 639 2433 patrumque
651 2368 758 2434 gerenti

58 2437 219 2489 Thessaliae
231 2439 306 2488 dabit
315 2438 360 2488 ille
372 2435 460 2487 ‹lieml
479 2436 608 2486 Mortalia
619 2437 684 2486 nulli

57 2506 127 2558 Sunt
139 2515 236 2557 curata
246 2508 306 2557 deo.
336 2506 424 2557 Cladis
434 2512 525 2556 tamen
537 2503 615 2556 huius
625 2503 756 2557 habemus
801 2508 857 2562 45⁵

56 2577 224 2638 Vindictam,
236 2582 362 2643 quantam
375 2576 455 2626 terris
466 2575 532 2626 dare
543 2575 653 2625 numina
662 2575 705 2627 las
715 2581 765 2628 est.

54 2646 135 2697 Bella
146 2660 226 2713 pares
238 2647 342 2711 superis
353 2644 455 2695 facient
470 2645 558 2694 civilia
568 2644 657 2696 diros:

55 2715 225 2766 Fulminibus
236 2729 338 2777 manes,
349 2714 485 2782 radiisque
498 2714 615 2778 ornabit,
626 2721 655 2766 et
665 2717 754 2778 astris,
844 2770 847 2775 Α
