1950 3218
222 144 512 197 PHARSALIA.
547 146 638 196 LlB.
663 147 696 197 X.
775 147 825 198 231

87 268 180 318 Marte
191 270 303 330 paratus
315 279 380 330 opes
391 264 484 314 mundi
495 266 633 332 quaesisse
644 266 734 316 ruina:
834 265 887 317 150

88 337 165 387 Pone
177 334 260 385 duces
272 335 376 399 priscos
388 339 416 383 et
426 335 535 383 nomina
544 334 672 400 pauperis
686 337 744 384 aeri

87 405 232 457 Fabricios
245 403 392 469 Curiosque
402 417 512 468 graves:
531 400 575 452 hic
585 402 631 452 ille
642 404 784 454 recumbat

91 473 224 525 Sordidus
234 472 378 522 Hetruscis
391 471 523 522 abductus
534 471 635 521 Consul
647 474 754 534 aratris,

91 542 207 610 Optabit
218 542 323 609 patriae
334 541 417 590 talem
429 540 537 591 duxisse
549 539 722 606 triumphum.

89 612 218 662 Infudere
231 609 323 676 epulas
336 625 412 672 auro,
425 609 497 676 quod
507 615 590 671 terra,
601 609 672 676 quod
686 624 741 670 aer,
838 611 887 660 155

92 681 172 742 Quod
185 680 296 747 pelagus
306 678 437 746 Nilusque
449 679 533 740 dedit,
545 678 617 745 quod
627 678 706 729 luxus
718 680 791 729 inani

90 750 245 801 Ambitione
254 748 347 801 furens
358 754 418 798 toto
430 748 563 815 quaesivit
572 747 600 797 in
612 747 687 810 orbe,

91 819 153 870 Non
159 819 306 868 mandante
312 817 397 867 fame:
409 816 508 866 multas
515 817 694 884 volucresque
700 816 828 885 ferasque

91 888 209 954 Aegypti
220 902 337 953 posuere
349 887 430 936 deos:
450 885 628 951 manibusque
638 888 774 938 ministrat

90 957 211 1007 Niliacas
224 955 368 1020 crystallus
380 969 477 1020 aquas:
496 967 673 1021 gemmaeque
686 971 802 1023 capaces
838 955 889 1005 160

91 1027 235 1090 Excepere
247 1039 360 1084 merum,
372 1023 420 1073 sed
431 1037 485 1072 non
496 1023 667 1072 Mareotidos
678 1039 757 1086 uvae,

92 1094 189 1145 Nobile
202 1093 250 1143 sed
261 1093 355 1158 paucis
368 1092 471 1141 senium
483 1091 527 1141 cui
538 1091 654 1140 coritulit
665 1093 741 1142 armis

92 1163 257 1213 Indomitum
269 1161 365 1210 Meroe
377 1175 478 1227 cogens
489 1174 615 1224 spumare
627 1160 781 1211 Falernum.

94 1231 237 1294 Accipiunt
246 1235 334 1278 sertas
345 1229 430 1278 nardo
441 1227 557 1279 llorente
569 1243 694 1290 coronas,

91 1300 129 1348 Et
141 1313 286 1362 numquam
297 1296 418 1364 fugiente
429 1312 506 1347 rosa:
525 1296 693 1364 multumque
703 1297 825 1348 nradenti
840 1298 890 1348 165

92 1366 220 1416 inludere
233 1380 337 1427 consae,
349 1366 421 1433 quod
432 1365 551 1416 nondum
562 1368 672 1416 evanuit
684 1382 750 1416 aura

94 1438 251 1495 cinnamon,
264 1441 377 1485 externa
387 1451 438 1486 nec
450 1434 569 1501 perdidit
581 1450 645 1485 acra
655 1444 743 1485 terra:

92 1505 296 1572 Advectumque
307 1519 403 1555 recens
414 1506 519 1556 vicinae
529 1506 625 1555 messis
636 1507 785 1554 Amomum.

92 1576 181 1625 Discit
193 1589 259 1640 opes
270 1575 371 1624 Caesar
382 1574 491 1641 spoliati
501 1574 615 1640 perdere
625 1574 726 1636 mundi,

91 1646 129 1694 Et
140 1645 256 1710 gessisse
267 1643 352 1707 pudet
365 1659 466 1711 genero
479 1659 540 1693 cum
550 1658 670 1710 paupere
681 1643 790 1705 bellum,
842 1644 892 1692 lit)

45 1766 49 1776 ‚
92 1714 130 1761 Et
142 1728 252 1762 caussas
262 1713 361 1761 Martis
372 1710 479 1762 Phariis
491 1728 552 1762 cum
563 1712 689 1779 gentibus
701 1718 788 1779 optat.

145 1780 296 1846 Postquam
314 1780 402 1846 epulis
416 1779 583 1846 Bacchoque
599 1781 709 1831 modum
723 1781 826 1831 lassata

627 1849 690 1898 volu
710 1854 752 1898 tas

92 1917 235 1982 imposuit,
247 1916 335 1984 longis
348 1918 450 1968 Cacsar
459 1917 612 1983 producere
623 1864 733 1985 noctlim

93 1984 209 2036 lncboat
221 1985 367 2052 adloquiis:
386 2000 544 2053 summaque
555 1986 583 2034 in
594 1985 659 2036 sede
671 1988 805 2037 iacentem

93 2056 251 2121 Linigerum
264 2053 377 2120 placidis
390 2055 536 2121 compellat
546 2050 672 2105 Achorea
683 2055 776 2105 dictis:
842 2056 893 2104 175

95 2126 119 2178 0
132 2123 217 2174 sacris
228 2125 319 2174 devote
331 2140 419 2184 senex,
431 2126 551 2189 quodque
562 2124 659 2193 arguit
670 2133 757 2186 oetas,

94 2194 122 2246 N
124 2212 156 2245 on
170 2195 290 2261 neglecte
302 2192 367 2252 deis,
378 2192 500 2244 Plonrine
509 2193 663 2259 primordia
672 2191 770 2261 geniis,

97 2264 298 2328 Terrarumque
308 2261 384 2322 situs,
396 2261 523 2329 uulgique
534 2262 647 2313 edissere
658 2279 752 2323 risores,

94 2334 134 2385 Et
146 2333 216 2383 ritus
222 2332 382 2401 formasque
396 2331 487 2382 decim:
506 2332 685 2397 quodcumque
695 2330 808 2382 vetustis

93 2404 261 2466 insculptum
274 2411 313 2452 est
324 2400 424 2469 adytis,
433 2401 539 2471 profer,
550 2401 673 2467 noscique
684 2402 801 2451 uolentes
841 2399 893 2449 18⁰

94 2471 183 2521 Prode
194 2471 262 2520 deos.
293 2471 323 2522 Si
336 2468 493 2535 Cecropium
504 2486 553 2521 suo
564 2487 642 2523 suern
656 2470 799 2522 Platonem

96 2539 215 2591 Maiores
226 2540 339 2591 docuere
350 2540 392 2590 tui
399 2559 407 2589 :
426 2538 485 2604 quis
494 2539 602 2607 dignior
614 2555 738 2606 rrrrrqnom

96 2608 157 2660 Hoc
163 2607 226 2678 fuit
237 2609 341 2669 auditu,
353 2608 496 2673 irruendique
507 2608 634 2675 capacior
647 2609 759 2675 hospes?

96 2677 185 2729 Furnn
197 2676 302 2744 quidem
311 2678 406 2743 generi
417 2677 537 2728 Plancius
549 2694 588 2728 me
602 2680 678 2728 dum!
691 2679 726 2725 od
738 2677 824 2738 siries,
