1956 3106
164 153 451 207 PHARSALIA.
488 157 577 207 LlB.
605 157 674 208 Vll.
745 157 796 207 161

113 275 210 327 Nonne
220 277 296 327 iuvat
306 274 412 340 pulsum
422 274 499 324 bellis
512 276 634 334 cessisse,
647 290 698 325 noo
708 275 781 325 istud

60 347 256 411 Perspectasse
267 341 362 393 nelasl
384 341 547 408 Spumantes
558 343 642 392 caede
653 349 787 406 catervas,

60 415 176 480 Respice
188 413 314 464 turbatos
324 412 435 462 incursu
446 413 584 479 sanguinis
597 426 698 474 amnes,
803 413 854 462 'loo

61 484 99 534 Et
108 484 198 534 soceri
208 483 338 531 miserere
349 481 397 530 tui.
418 481 477 540 Quo
488 486 600 545 pectore
611 480 726 530 Romam

61 552 186 613 Intrabit,
197 550 287 601 factus
299 550 402 614 campis
413 548 520 599 felicior
529 548 606 600 istisl

62 619 200 688 Quidquid
210 621 237 668 in
248 619 349 685 ignotis
361 618 435 668 solus
445 619 600 685 regionibus
612 618 698 680 exsul,

40 738 43 743 ⁴
62 688 200 755 Quidquid
213 686 262 737 sub
273 685 373 737 Phario
384 688 490 752 positus
501 688 606 754 patiere
617 693 749 752 tyrann03

60 758 149 808 Crede
160 759 227 818 deis,
238 758 319 824 longo
332 754 452 805 fatorum
464 757 545 806 crede
556 755 651 818 favori,
809 754 858 805 toa

59 828 179 878 Vincere
192 826 269 892 peius
280 831 348 876 erat.
376 823 495 875 Prohibe
506 824 626 876 lamenta
636 840 744 886 sonare,

59 897 140 947 Flere
151 902 215 946 veta
226 895 354 961 populos3
369 895 507 958 lacrymas
517 894 660 961 luctusque
671 896 787 944 remitte.

60 966 131 1014 Tam
150 964 223 1020 mala
241 963 384 1030 Pompeii,
411 977 491 1029 quam
512 978 654 1030 prospera,
680 963 795 1013 mundus

597 1031 702 1081 adoret.

60 1102 176 1168 Adspice
186 1117 298 1152 securus
310 1101 387 1150 vultu
397 1115 451 1150 non
462 1101 583 1165 supplice
594 1114 685 1166 reges:

59 1171 177 1237 Adspice
188 1184 330 1236 possessas
342 1169 432 1230 urbes,
445 1170 600 1237 donataque
611 1183 706 1235 regna,
811 1169 862 1217 'llo

59 1242 226 1307 Aegyptum,
238 1238 424 1305 Libyamque:
446 1244 474 1288 et
485 1244 573 1288 terras
584 1238 653 1305 elige
663 1238 753 1287 morti.

114 1307 191 1358 Vidit
201 1307 289 1372 prima
298 1312 363 1356 tuae
372 1307 451 1357 testis
462 1307 575 1358 Larissa
586 1309 679 1356 ruinae

61 1374 170 1436 Nobile,
181 1390 233 1424 nec
243 1377 344 1425 victum
355 1374 419 1426 fatis
432 1382 522 1442 caput.
553 1375 683 1428 Omnibus
695 1375 742 1424 illa

63 1444 171 1494 Civibus
183 1444 280 1495 effudit
290 1451 364 1495 totas
375 1460 425 1511 per
435 1447 544 1496 moenia
554 1447 639 1496 vires:

62 1513 159 1575 Obvia,
173 1529 223 1565 ceu
233 1514 317 1577 laeto,
328 1515 507 1581 praemittunt
518 1530 632 1566 munera
643 1513 752 1564 tientes:
806 1512 858 1561 715

60 1583 188 1634 Pandunt
193 1585 303 1650 templa,
311 1584 420 1636 domos:
431 1587 522 1636 socios
531 1600 560 1636 se
567 1584 689 1636 cladibus
696 1585 799 1650 optant.

61 1650 174 1704 Scilicet
183 1655 315 1704 immenso
327 1662 453 1721 superest
466 1670 499 1705 ex
510 1656 619 1705 nomine
630 1654 753 1716 multum,

61 1722 157 1789 Teque
170 1724 257 1772 minor
269 1723 342 1773 solo:
362 1731 475 1774 cunctas
485 1724 626 1790 impellere
638 1729 734 1791 gentes

60 1789 166 1840 Rursus
176 1791 205 1839 in
217 1806 294 1840 arma
304 1798 393 1856 potes,
405 1807 552 1860 rursusque
563 1795 591 1842 in
602 1791 660 1842 fata
672 1791 770 1842 redire.

62 1857 127 1920 Sed,
141 1858 205 1924 quid
216 1875 281 1925 optes
292 1860 363 1910 victo
372 1862 481 1927 populis
492 1870 541 1912 aut
552 1860 678 1911 orbilius?
695 1860 795 1926 inquit:
811 1860 863 1908 720

66 1925 170 1978 Victori
176 1936 318 1992 praestate
323 1928 417 1994 fidem.
448 1931 501 1993 Tu,
510 1932 619 1992 Caesar,
628 1931 656 1979 in
667 1929 722 1980 alto

63 1996 162 2048 Caedis
173 1994 262 2045 adhuc
274 1996 380 2046 cumulo
394 2000 500 2062 patriae
511 2014 560 2064 per
570 2000 676 2049 viscora
686 1997 775 2048 vadis:

62 2069 98 2117 at
108 2066 159 2116 tibi
167 2066 223 2116 iam
234 2064 350 2131 populos
362 2064 446 2116 donat
457 2081 548 2133 gener.
578 2065 674 2117 Avehit
684 2065 746 2115 indo

62 2135 224 2204 Pompeium
235 2134 359 2200 sonipes:
370 2136 487 2201 gemitus
496 2135 679 2202 lacrimaeque
687 2149 800 2201 sequun-

538 2210 598 2253 tur:

62 2274 239 2342 Plurimaque
248 2276 276 2324 in
288 2288 385 2324 saevos
395 2273 488 2340 populi
500 2273 624 2324 comicia
634 2271 719 2322 divos.
811 2272 861 2321 725

63 2342 143 2395 Nunc
153 2344 203 2394 tibi
211 2359 278 2395 vera
289 2343 356 2393 fides
368 2343 492 2410 quaesiti,
503 2343 612 2410 Magne,
623 2340 724 2391 favoris

64 2415 192 2480 Contigit,
205 2428 237 2463 ae
248 2413 362 2463 fructus.
389 2412 466 2463 Felix
478 2428 508 2464 se
519 2413 607 2462 nescit
618 2411 711 2461 amari.

117 2483 219 2533 Caesar
229 2487 259 2532 ut
270 2483 406 2548 Hesperio
418 2482 486 2533 vidit
495 2482 562 2533 satis
574 2494 639 2530 arva
650 2487 745 2529 natare

64 2550 212 2619 Sanguine,
223 2551 389 2617 parcendum
401 2550 475 2602 terro
487 2550 664 2615 manibusque
675 2563 785 2599 suorum

63 2622 122 2671 lam
135 2627 220 2683 ratus,
231 2625 263 2669 ut
273 2619 339 2670 viles
352 2621 456 2670 animas
466 2621 640 2686 perituraque
650 2616 752 2669 frustra
808 2616 860 2668 730

62 2691 177 2807 Aglmina
189 2689 311 2756 permisit
320 2690 393 2740 vitae
429 2686 483 2741 Sed
495 2693 587 2740 castra
597 2685 706 2806 fugatos

130 2771 273 2809 ocinus
