1956 3106
182 126 232 175 24⁰
353 122 392 171 M.
427 118 528 169 ANN.
565 118 750 175 liticaa‘i

182 242 326 294 Sumturus
339 254 441 306 poenas
454 245 481 288 et
492 243 572 304 grata
583 237 691 301 piacula
701 240 794 303 morti,

181 314 367 377 Missurusque
379 316 464 370 tuum,
476 309 561 356 sinon
573 308 626 356 sint
636 306 692 357 tela
702 324 752 359 nec
762 310 851 378 ignes,

180 383 211 432 ln
218 380 343 440 famulos,
351 378 518 435 Ptolemaee,
530 381 621 441 caput.
634 374 806 430 Sicbarbara
812 378 921 433 Colchis

118 450 173 503 465
185 450 318 508 Creditur,
329 447 445 496 ultorem
455 451 579 494 metuens
590 447 721 512 regnique
731 446 877 516 fugaeque,

182 521 256 571 Ense
267 533 315 566 suo
327 515 472 580 fratrisque
484 512 562 562 simul
574 515 681 564 cervice
694 522 792 580 parata

182 589 366 653 Exspectasse
379 590 492 649 patrem.
513 583 620 647 Cogunt
628 584 822 635 tamenultima
831 601 920 637 rerum

184 656 266 724 Spem
278 655 352 719 pacis
365 655 471 701 tentare
483 650 594 700 ducem:
613 652 765 719 missusque
777 654 886 704 satelles

183 725 293 793 Regius,
304 728 335 770 ut
345 735 442 769 saevos
454 719 574 769 absentis
586 734 653 768 voce
666 722 774 785 tyranni

120 797 174 848 «tta
186 788 474 857 corriperetiamulos,
482 787 639 855 quobellum
651 796 912 843 auctoremorerent

184 862 239 914 Sed
250 873 338 925 neque
347 859 390 908 ius
401 858 493 907 mundi
504 857 597 916 valuit,
610 871 661 907 nec
672 856 787 909 foedera
797 866 894 911 saneta

184 929 332 982 Gentibus:
353 933 448 976 orator
459 927 530 993 regis
543 926 672 992 pacisque
684 936 827 994 seque-ster

182 999 316 1052 Aestimat
324 996 353 1045 in
365 1011 477 1045 numero
489 995 621 1044 scelerum
632 997 757 1060 ponenda
768 1004 887 1051 tuorum.

183 1070 241 1119 Tot
255 1067 384 1117 monstris
400 1067 524 1132 Aegypte
546 1079 656 1115 nocens.
687 1065 746 1116 Non
771 1065 906 1117 'l'hcssalo

656 1134 745 1196 tellus,

121 1207 175 1260 475
184 1207 325 1273 Vastaque
338 1203 519 1271 regnalubae‚
531 1202 704 1265 nonPontus,
718 1206 835 1270 ctimpia
846 1206 921 1272 signa

184 1274 344 1335 Pharnacis,
357 1279 386 1323 et
395 1272 484 1340 gelido
498 1270 669 1321 circumiluus
683 1274 757 1322 orbis
769 1274 849 1325 lbero

185 1347 305 1397 Tantum
327 1359 408 1393 ausus
428 1340 575 1401 scelerum,-
590 1357 643 1389 nrm
660 1339 749 1406 Syrtis
768 1342 896 1401 barbara,
939 1356 945 1364 ·

660 1418 789 1475 quantum

185 1483 308 1535 Deliciae
321 1480 412 1530 iecere
423 1485 495 1528 tuae.
524 1478 627 1527 l‘renrit
636 1480 754 1546 undique
765 1480 876 1541 bellum,

185 1554 271 1619 inque
288 1550 398 1600 domum
411 1549 465 1597 iam
477 1547 533 1596 tela
549 1547 657 1609 eadunt,
676 1556 859 1617 quassantque
875 1566 920 1615 pe·

658 1624 744 1668 nates.

124 1691 176 1744 48⁰
187 1689 248 1741 Non
261 1686 330 1736 aries
340 1699 394 1735 uno
405 1689 528 1735 moturus
540 1684 633 1734 limina
644 1687 730 1752 pulsu,

186 1753 519 1822 Fracturusquedomum3
537 1768 592 1803 non
599 1754 836 1807 ullaestmachina
845 1756 922 1805 belli:

187 1827 246 1881 Nec
257 1824 371 1876 flammis
384 1823 528 1873 mandatur
539 1839 620 1888 opus:
640 1826 688 1875 sed
700 1841 785 1876 caeca
796 1826 922 1877 iuventus

189 1895 308 1957 Consilii,
319 1900 411 1944 vastos
423 1893 508 1943 ambit
518 1892 621 1942 divulsa
631 1902 753 1957 penates,

187 1968 225 2017 Et
235 1979 366 2030 nusquam
376 1963 442 2013 totis
452 1963 574 2012 incursat
584 1963 684 2014 viribus
695 1980 801 2031 agmen.

127 2034 179 2087 48⁵
190 2035 262 2088 Fata
271 2038 374 2093 vetant,
385 2032 509 2097 murique
519 2031 605 2080 ricem
616 2033 740 2083 Fortuna
751 2038 852 2082 tuetur.

187 2103 301 2157 Necnon
314 2101 454 2152 stratibus
465 2105 587 2149 tentatur
597 2103 681 2169 regia,
693 2118 746 2169 qua
756 2117 785 2169 se

188 2172 308 2224 Protulit
317 2171 344 2220 in
355 2169 460 2219 medios
471 2168 569 2220 audaci
578 2172 699 2238 margine
711 2171 809 2221 ilurtus

189 2241 347 2292 Luxuriosa
359 2239 463 2289 domus.
493 2236 547 2288 Sed
559 2239 635 2290 adest
647 2239 774 2291 defensor
784 2239 886 2307 ubique

192 2312 302 2371 Cacsar,
315 2314 342 2358 et
354 2305 405 2359 hos
416 2307 492 2357 aditu
505 2306 611 2375 gladiis,
621 2307 671 2360 hos
681 2308 788 2376 ignibus
801 2316 894 2359 arcet:

127 2379 180 2433 090
191 2380 378 2444 Obsessusque
389 2377 461 2444 gerit
472 2382 561 2438 (tanta
571 2384 613 2429 est
623 2378 778 2428 constantia
786 2380 904 2435 mentis}

188 2445 379 2516 Expugnantis
390 2459 469 2511 opus.
497 2445 581 2496 Piceo
591 2446 666 2497 iubet
676 2447 795 2514 unguine
806 2448 910 2497 tinctas

189 2515 347 2584 Lampadas
358 2514 468 2566 immitti
477 2514 576 2565 iunctis
587 2516 615 2566 in
625 2516 686 2567 vela
696 2516 803 2566 carinis.

189 2586 249 2639 Nec
258 2586 336 2653 piger
345 2583 416 2652 ignis
428 2587 548 2650 eratper
560 2589 675 2651 stuppea
689 2584 806 2645 vincula,
824 2596 928 2651 perque

188 2655 333 2706 Manantes
345 2667 409 2704 cera
418 2651 538 2704 tabulas:
557 2658 585 2703 et
595 2659 717 2721 tempore
729 2652 825 2705 eodem
