1950 3218
146 165 197 214 loa
318 159 355 209 M.
396 157 498 208 liin:
535 155 712 207 LUCANl

149 280 215 334 Τι’νο
227 278 312 340 rudis,
321 287 412 345 specta
420 293 530 344 poenos,
543 285 568 327 et
582 276 651 327 disce
658 276 758 348 ferire,

146 349 231 401 Disce
241 348 318 402 mori.
347 348 471 398 Tremuit
483 361 566 396 saeva
577 346 626 396 sub
638 360 706 397 voce
717 347 847 403 urinantis

88 419 138 470 265
150 419 254 488 Volgus
277 419 363 469 iners:
388 430 523 482 unumque
544 422 627 480 caput
652 422 709 465 tam
734 414 890 482 magnain-

620 489 716 535 ventus

148 557 289 607 Privatum
300 554 409 605 factura
419 553 510 603 timet:
529 553 604 602 velut
616 553 724 613 ensibus
734 553 801 620 ipsis

149 625 282 693 Imperet,
293 624 377 674 invito
390 628 513 673 moturus
525 621 610 672 milite
621 621 733 673 ferrum.

150 694 212 760 lpse
224 697 319 759 pavet,
330 707 364 741 ne
376 690 432 740 tela
441 691 492 742 sibi
505 689 655 758 dextraque
665 696 799 758 negentur

151 762 191 812 Ad
203 760 291 812 scelus
302 758 364 822 hoc,
379 761 493 810 Caesar:
512 760 579 810 vicit
588 761 722 826 patientia
731 761 808 821 saevi

92 832 143 882 370
155 829 236 897 Spem
252 829 342 890 ducis,
369 835 397 878 et
411 829 531 897 iugulos,
556 843 610 879 uon
625 834 732 880 tantum
751 830 893 898 praestitit

628 913 706 951 enses

151 966 196 1018 Nil
205 967 299 1033 magis,
311 966 439 1018 adsuetas
451 968 547 1021 sceleri
559 983 639 1035 quam
650 967 765 1034 perdere
776 972 893 1030 mentes,

152 1038 240 1104 Atque
251 1036 340 1102 perire
352 1036 439 1087 timet.
459 1039 529 1088 Tam
540 1038 599 1087 diro
610 1036 730 1088 foederis
741 1039 799 1097 ictu

154 1106 240 1156 Parta
250 1105 339 1172 quies,
351 1121 494 1173 poenaque
503 1106 575 1156 redit
585 1106 695 1172 placata
703 1107 839 1167 iuventus.

206 1174 378 1226 Brundisium
390 1176 502 1227 decimis
512 1176 588 1227 iubet
602 1173 673 1225 hanc
688 1175 830 1242 adtingere
847 1189 893 1237 op·

629 1244 701 1306 stris,

95 1311 145 1364 375
157 1313 194 1362 Et
204 1318 317 1365 cunctas
329 1327 459 1365 revocare
471 1318 558 1374 rates,
571 1327 638 1379 quas
649 1313 724 1363 avius
735 1311 858 1378 Hydrus,

154 1383 340 1450 Antiquusque
350 1384 453 1445 Taras,
465 1388 625 1449 secretaque
633 1381 717 1433 litora
725 1381 848 1447 Leucae,

156 1452 230 1512 Quos
243 1453 341 1519 recipit
353 1449 482 1518 Salapina
493 1451 583 1516 palus,
596 1456 625 1502 et
634 1451 744 1503 subdita
753 1449 835 1517 Sipus

154 1520 307 1570 Montibus:
319 1522 466 1571 Ausoniam
479 1536 533 1586 qua
542 1526 673 1588 torquens
684 1519 799 1588 frugifer
805 1534 893 1582 oliam,

154 1588 310 1638 Dalmatico
321 1589 437 1652 Boreae,
451 1589 621 1658 Calabroque
632 1591 765 1643 obnoxius
776 1591 876 1655 Austro

60 1668 65 1677 '
94 1657 144 1708 380
156 1656 274 1724 Appulus
287 1657 441 1708 Hadriacos
452 1659 508 1709 exit
520 1657 663 1726 Garganus
672 1661 700 1709 in
707 1659 802 1710 undas.

206 1726 268 1791 lpse
279 1727 349 1792 petit
361 1728 496 1793 trepidam
506 1732 581 1779 tutus
592 1728 649 1780 sine
661 1729 745 1780 milite
756 1729 881 1791 Romam,

156 1798 212 1846 lam
224 1795 334 1845 doctam
346 1797 449 1848 servire
458 1802 552 1864 togae:
573 1798 728 1865 populoque
740 1797 864 1864 precanti

158 1863 269 1916 Scilicet
279 1865 436 1933 indulgens,
449 1882 582 1917 summum
593 1867 712 1918 dictator
722 1865 856 1927 honorem

156 1935 290 2000 Contigit,
303 1940 331 1985 et
341 1935 429 1986 laetos
441 1935 507 1986 feeit
518 1952 547 1986 se
559 1938 669 1987 consule
682 1936 777 1989 fastos.

95 2006 145 2058 385
157 2004 380 2069 Namqueomnes
388 2020 479 2067 voces,
490 2021 538 2070 per
546 2021 612 2072 quas
623 2007 677 2056 iam
683 2011 893 2072 temporetanto

156 2075 303 2126 Mentimur
314 2066 443 2136 dominis‘,
455 2073 523 2125 haec
534 2076 648 2141 primum
660 2077 762 2141 reperit
775 2081 862 2139 aetas,

156 2146 225 2206 Qua,
239 2143 334 2194 sibine
346 2142 412 2194 ferri
420 2144 553 2194 iusullum
565 2146 665 2196 Caesar
676 2145 795 2208 obesset,

153 2214 286 2264 Ausonias
297 2213 382 2263 voluit
392 2214 488 2282 gladiis
499 2214 615 2264 miscere
625 2230 744 2266 secures.

154 2282 264 2333 Addidit
275 2288 303 2332 et
314 2281 403 2334 fasces
416 2283 525 2351 aquilis,
537 2288 566 2333 et
576 2299 674 2335 nomen
683 2285 763 2334 inane

94 2352 145 2403 390
157 2352 265 2418 imperii
276 2352 399 2418 rapiens,
413 2354 530 2420 signavit
540 2358 666 2418 tempora
677 2353 760 2421 digna

154 2422 264 2472 Moesta
273 2427 347 2471 nota.
369 2421 439 2472 Nam
451 2438 503 2490 quo
515 2422 611 2472 melius
622 2420 796 2473 Pharsalicus
806 2436 895 2481 arium

157 2490 272 2539 Consule
284 2496 365 2541 notus
378 2490 445 2542 eritl
466 2491 559 2559 Fingit
568 2490 709 2542 sollemnia
721 2505 842 2557 campus,

157 2558 193 2608 Et
204 2573 257 2607 non
268 2559 403 2612 admissae
415 2560 515 2611 dirimit
525 2559 656 2628 suffragia
668 2559 761 2627 plebis,

157 2626 347 2694 Decantatque
358 2629 457 2693 tribus,
471 2635 499 2681 et
509 2645 579 2680 vana
590 2630 720 2680 versatio
729 2645 806 2680 urna.

96 2694 148 2748 395
161 2693 218 2745 Nec
231 2694 336 2746 coelum
348 2712 457 2748 servare
469 2698 547 2750 licet:
567 2704 646 2750 tonat
660 2714 762 2766 augure
773 2698 868 2754 surdo.

706 2906 729 2933 h
