1956 3106
192 171 481 222 Prlsussutn.
517 170 607 220 LIB.
637 171 670 220 X.
746 169 798 222 2³9

60 295 101 344 Ne
114 292 211 343 caedes
224 292 338 343 confusa
348 307 438 352 manu,
451 288 636 355 permissaque
648 288 712 339 fatis

61 368 115 425 Te,
127 362 295 422 Ptolemaee,
308 357 412 409 trahat:
432 365 510 409 tanta
521 364 562 408 est
574 358 674 407 fiducia
684 356 758 407 ferri.

60 433 83 484 N
87 450 121 483 on
132 446 248 497 rapuere
259 428 350 480 nefas:
367 430 463 477 summi
476 433 614 477 contemta
623 425 741 476 facultas

62 505 110 553 Est
128 502 231 567 operis:
248 501 333 549 visum
345 496 453 546 famulis
464 495 617 562 reparabile
628 494 764 556 damnum,

59 572 136 622 lllam
148 568 287 619 mactandi
298 567 435 616 dimittere
448 566 572 615 Caesaris
582 563 686 613 horam.
804 562 861 613 430

61 641 192 690 Servatur
204 652 306 702 poenas
316 638 343 686 in
356 641 452 700 aperta
462 635 522 683 luce
535 633 655 682 daturus.

63 710 172 758 Donata
184 711 226 755 est
236 720 290 754 nox
300 721 355 754 una
366 705 438 765 duci,
448 704 569 769 vixitque
582 700 692 752 Pothini

61 779 176 827 llunere
188 772 333 824 Phoebeos
346 775 447 824 Cacsar
458 771 556 821 dilatus
567 773 594 821 in
607 777 692 821 ortus.

113 842 225 893 Lucifer
237 857 252 891 a
264 843 344 893 Casia
354 842 496 908 prospexit
506 855 581 905 rupe,
594 841 718 907 diemque

61 915 138 965 Misit
147 914 175 961 in
185 913 338 978 Aegyptum
351 911 438 975 primo
452 924 559 975 quoque
570 910 627 960 sole
639 909 787 960 calentem:
807 907 859 958 435

63 986 128 1033 Cum
141 981 236 1048 procul
249 997 266 1030 a
275 981 358 1029 muris
370 980 451 1039 acies,
463 993 516 1027 non
529 993 625 1043 sparsa
636 978 760 1043 maniplis

61 1052 119 1103 Nec
130 1050 392 1118 vaga,conspicitur,
404 1047 451 1097 scd
462 1048 549 1097 iustos
560 1046 645 1113 qualis
658 1047 692 1097 ad
703 1045 798 1097 hostes

64 1123 148 1171 Recta
157 1120 248 1168 fronte
259 1118 341 1167 venit.
370 1116 480 1165 Passuri
494 1117 643 1165 comminus
656 1130 741 1176 arura,

61 1189 213 1254 Laturique
224 1191 314 1236 ruunt.
334 1186 368 1234 At
380 1186 489 1244 Caesar,
502 1184 643 1234 moenibus
654 1184 728 1233 urbis

62 1257 184 1317 Diffisus‚
195 1253 299 1304 foribus
313 1252 422 1303 clausae
433 1268 462 1303 se
473 1254 594 1320 protegit
604 1252 692 1315 aulae,
806 1253 864 1303 440·

61 1327 220 1392 Degeneres
232 1338 327 1388 passus
338 1322 466 1372 latebras.
496 1321 554 1372 Nee
565 1328 626 1372 tota
636 1320 753 1372 vacabat

61 1395 147 1460 Regia
159 1405 329 1458 compresso:
348 1392 459 1440 minima
470 1392 619 1457 collegerat
629 1405 705 1440 arma

64 1464 145 1513 Parte
152 1463 261 1512 domus:
281 1466 396 1528 tangunt
408 1461 512 1510 animos
522 1461 633 1527 iraeque
643 1466 798 1527 metusque:

65 1535 98 1583 Et
109 1534 188 1582 timet
196 1533 330 1591 incursus,
341 1530 550 1597 indignaturque
561 1531 666 1580 tinrere.

62 1602 107 1651 Sic
119 1601 211 1652 fremit
220 1601 247 1649 in
257 1599 348 1665 parvis
360 1598 419 1649 fera
430 1598 527 1649 nobilis
538 1599 631 1649 abdita
643 1599 778 1660 claustris,
808 1598 861 1649 445

64 1674 97 1721 Et
109 1671 212 1734 frangit
222 1668 333 1719 rabidos
344 1684 503 1734 praemorso
516 1685 627 1719 carcere
637 1669 745 1720 dentes:

64 1740 119 1787 Nee
132 1754 211 1787 secus
220 1740 248 1786 in
259 1735 356 1787 Siculis
367 1737 471 1788 fureret
482 1745 530 1788 tua
542 1737 652 1787 llamma
661 1737 793 1798 cavernis,

64 1807 226 1855 Obstrueret
236 1820 367 1853 summam
375 1808 396 1854 si
405 1808 462 1871 quis
472 1807 677 1868 tibi,Muleiber,
683 1809 807 1858 Aetnam.

65 1874 159 1924 Audax
170 1871 322 1922 Thessalici
333 1888 418 1938 nuper
429 1875 475 1938 qui
484 1889 551 1938 rupe
561 1876 610 1924 sub
622 1876 706 1936 Aemi,

63 1942 214 2007 Hesperiae
222 1945 334 1989 cunctos
345 1955 484 2004 proceres,
497 1944 636 2009 aciemque
647 1948 765 2004 senatus,
807 1941 864 1992 450·

65 2011 278 2076 Pompeiumque
290 2008 396 2071 ducem,
408 2025 506 2059 caussa
516 2016 642 2076 spectare
652 2016 772 2074 vetante,

64 2080 124 2130 Non
135 2078 234 2139 timuit,
246 2075 386 2143 fatumque
398 2078 449 2129 sibi
460 2081 585 2143 promisit
594 2081 723 2146 iniquum,

64 2149 182 2214 Expavit
192 2145 288 2197 senile
300 2145 386 2208 nefas,
398 2147 523 2214 intraque
534 2153 647 2214 penates

65 2218 197 2269 Obruitur
208 2215 284 2276 telis,
305 2230 384 2280 quem
394 2231 449 2266 non
460 2216 590 2268 violasset
598 2218 706 2277 Alanus,

64 2288 125 2338 Non
137 2283 250 2352 Scytha,
262 2299 315 2334 non
328 2284 383 2335 fixo
396 2286 440 2352 qui
450 2286 518 2336 ludit
528 2284 797 2352 inhospiteltlaurus.
808 2284 865 2337 455

67 2359 127 2419 llic,
140 2358 182 2407 cui
195 2354 308 2405 Romani
321 2355 438 2421 spatium
450 2370 503 2404 non
516 2356 616 2406 sufficit
627 2355 709 2416 orbis,

65 2426 207 2492 Parvaque
217 2439 302 2491 regna
313 2430 391 2490 putat
402 2426 495 2490 Tyriis
509 2441 568 2474 curn
577 2425 698 2475 Gadibus
709 2423 800 2486 lndos,

67 2497 123 2544 Ceu
133 2510 201 2559 puer
210 2493 334 2555 imbellis,
348 2510 399 2544 eeu
410 2495 497 2559 captis
509 2493 610 2544 femina
621 2496 713 2555 muris,

68 2565 181 2623 Quaerit
193 2569 252 2613 tnta
264 2562 372 2612 tlemus:
390 2579 466 2627 spem
477 2564 549 2612 vitae
559 2564 586 2612 in
596 2564 686 2614 limine
698 2563 789 2614 clauso

65 2632 156 2689 Ponit,
169 2638 196 2682 et
205 2633 310 2681 incerto
323 2633 421 2681 lustrat
431 2649 516 2699 rugus
528 2634 596 2682 atria
609 2648 703 2697 cur'su;
808 2631 864 2684 460

63 2700 263 2767 Norrsinerege
277 2708 379 2763 tantem
397 2717 475 2768 quem
484 2702 688 2752 ducitinomnia
698 2718 800 2767 secum,
