1956 3106
101 169 103 172 ’
163 167 197 221 88
335 167 372 216 Μ.
408 162 508 216 ΑΝΝ.
544 163 724 215 Lucani

164 285 231 336 Cum
242 285 339 350 procul
350 298 364 335 e
376 285 486 334 summis
499 284 638 349 conspecti
649 283 764 334 collibus
773 281 870 334 hostes

163 353 272 405 Fraude
283 369 333 404 sua
344 367 450 402 cessere
461 367 564 417 parum,
577 352 640 402 dum
652 352 719 402 colle
730 353 826 404 relicto

42 442 45 449 ’
94 474 96 478 ,
163 420 287 473 Effusam
298 421 396 488 patulis
407 423 492 470 aciem
505 421 688 471 committeret
699 423 780 471 arvis:

163 491 211 541 llle
223 489 315 558 lugam
327 490 448 550 credens,
459 488 600 551 simulatae
610 490 717 540 nescius
730 491 804 551 artis,

103 559 154 609 ’115
165 561 201 611 Ut
210 561 307 621 victor,
318 559 423 609 medios
434 559 519 607 aciem
531 559 647 623 proiecit
655 560 682 608 in
694 574 782 626 agros.

164 631 243 679 Tunc
254 629 369 694 primum
381 632 494 693 patuere
505 627 573 688 doli,
586 625 772 694 Numidaeque
782 627 900 696 fugaces

165 697 287 764 Undique
299 696 440 761 completis
453 695 607 746 clauserunt
617 696 753 747 montibus
764 712 870 764 agmen.

166 766 313 831 Obstupuit
323 766 377 815 dux
387 768 446 831 ipse
458 765 545 826 simul,
557 765 730 830 perituraque
740 765 829 818 turba.

164 835 225 886 Non
236 835 322 884 timidi
334 835 436 899 petiere
447 833 548 900 fugam,
559 848 613 882 non
622 833 725 899 proclia
735 833 835 885 fortes:

103 906 154 955 1511
167 904 272 968 Quippe
284 902 329 953 ubi
340 917 392 953 non
403 903 511 967 sonipes
522 908 612 952 motus
629 902 756 968 clangore
768 904 899 955 tubarum

164 971 239 1023 Saxa
249 973 337 1037 quatit
347 972 434 1037 pulsu,
446 971 548 1037 rigidos
559 972 686 1020 vexantia
698 970 790 1022 frenos

166 1043 222 1092 Ora
232 1046 332 1102 terens,
343 1042 499 1107 spargitque
510 1040 596 1101 iubas,
609 1047 636 1090 et
646 1039 761 1107 subrigit
773 1055 861 1103 aures,

164 1111 326 1176 Incertoque
339 1109 436 1174 pedum
447 1115 551 1176 pugnat
561 1123 614 1158 non
625 1115 698 1158 stare
709 1108 834 1159 tumultu.

163 1181 249 1231 Fessa
258 1180 331 1228 iacet
342 1179 440 1229 cervirt.
458 1179 575 1230 Fumant
586 1178 729 1228 sudoribus
741 1185 825 1241 artus,

103 1250 154 1299 ’155
167 1249 275 1314 Oraque
286 1249 409 1313 proiecta
420 1248 545 1314 squalent
556 1247 662 1298 arentia
672 1247 775 1314 lingua:

163 1318 283 1369 Pectora
302 1331 386 1366 rauca
403 1325 526 1384 gemunt,
551 1332 620 1384 quae
642 1316 738 1367 creber
763 1314 899 1368 anhelitus

576 1402 608 1435 ur
646 1392 685 1436 et:

164 1455 201 1504 Et
212 1453 321 1504 defecta
330 1454 419 1519 gravis
429 1453 509 1519 longe
522 1402 661 1504 trahitgpa
670 1454 775 1520 pulsus:

165 1521 296 1588 Siccaque
307 1522 460 1588 sanguineis
472 1523 592 1573 durescit
602 1538 698 1589 spuma
707 1523 815 1588 lupatis.

164 1592 274 1657 lamque
294 1590 408 1657 gradum
430 1605 517 1656 neque
543 1591 701 1641 verberibus
727 1593 902 1659 stimulisque

637 1662 734 1722 coacti,

105 1729 156 1780 160
168 1727 236 1789 Ν11,
249 1728 369 1794 quamvis
381 1726 482 1777 crebris
491 1728 557 1778 iussi
568 1728 727 1792 calcaribus,
741 1730 852 1780 addunt.

166 1796 329 1863 Vulneribus
341 1802 475 1862 coguntur
486 1797 554 1863 equi.
583 1795 641 1849 Nec
652 1798 755 1864 profuit
764 1799 811 1849 ulli

168 1864 326 1931 Cornipedis
341 1865 446 1930 rupisse
463 1880 567 1936 moras:
590 1869 761 1935 nequeenim
780 1869 902 1933 impetus

576 1936 628 1991 illis

166 2006 346 2070 Incursusque
356 2001 422 2053 fuit:
436 2008 541 2052 tantum
551 2004 689 2070 profertur
699 2006 733 2057 ad
744 2002 847 2070 hostes,

167 2075 204 2126 ut
215 2073 331 2140 spatium
342 2072 437 2122 iaculis
450 2072 542 2122 oblato
553 2075 664 2126 vulnere
676 2075 767 2126 donat.
811 2111 813 2118 -

106 2144 158 2196 ’155
168 2145 203 2195 At
218 2159 303 2210 vagus
313 2141 378 2192 Afer
390 2156 473 2207 equos
483 2149 515 2191 ut
524 2145 639 2207 primum
650 2146 739 2194 emisit
749 2146 776 2194 in
788 2161 885 2213 agmen
890 2159 905 2195 t·

167 2215 245 2264 Tunc
259 2212 347 2276 campi
359 2218 494 2261 tremuere
506 2226 588 2263 sono:
601 2219 727 2279 terraque
739 2215 838 2277 soluta,

98 2288 100 2292 ’
169 2283 291 2342 Quantus
301 2281 425 2330 Bistonio
438 2285 582 2346 torquetur
592 2282 697 2332 turbine
709 2283 804 2347 pulvis,

166 2353 238 2403 Aera
247 2349 317 2400 nube
339 2365 388 2399 sua
397 2351 475 2408 texit,
487 2350 623 2416 traxitque
634 2351 768 2401 tenebras.

168 2422 203 2472 Ut
213 2434 277 2469 vero
287 2420 315 2468 in
326 2419 430 2484 pedites
441 2417 527 2468 fatum
537 2418 687 2474 miserabile
699 2419 771 2470 belli'

105 2492 157 2542 tto
166 2488 305 2540 incubuit:
316 2487 388 2537 nullo
401 2487 473 2536 dubii
486 2487 638 2537 discrimine
648 2489 746 2538 Martis

166 2554 305 2622 Ancipites
317 2562 452 2608 steterunt
462 2571 550 2617 casus,
562 2557 610 2607 sed
621 2563 747 2622 tempora
758 2574 865 2626 pugnae

166 2628 244 2678 Mors
254 2626 350 2676 tenuit.
368 2623 463 2691 Neque
470 2626 539 2674 eninr
546 2626 893 2691 licuitprocurrerecontra

166 2696 205 2747 Et
215 2696 330 2746 miscere
340 2709 442 2742 manus.
472 2684 517 2742 Sic
529 2695 644 2760 undique
656 2702 733 2761 septa
744 2699 869 2748 iuventus
