1956 3106
842 40 926 52 —s--,
937 44 941 48 .

186 183 470 237 PHARSALIA.
506 187 594 236 LlB.
624 188 680 237 ΙΙΙ.
762 187 795 239 63

63 307 128 368 Qua
139 303 307 366 earethoste,
320 313 419 356 ratem:
432 306 690 372 congcstopondere
698 309 794 374 puppis

61 377 160 436 Versa,
173 391 241 425 cova
249 377 319 425 texit
328 375 439 442 pelagus
449 381 599 442 nautasque
610 376 714 439 carina3
802 377 858 428 oie

60 442 181 496 Brachia
191 459 241 494 nee
252 445 327 496 licuit
335 450 411 493 vasto
423 445 526 494 iactare
536 443 680 510 profundo,

61 513 117 564 Sed
130 511 222 563 clauso
234 513 340 578 periere
351 514 428 561 mari.
440 542 471 550 -
491 514 569 563 Tune
581 513 661 562 unice
672 513 722 563 diri

63 584 219 647 Conspecta
230 587 271 630 est
282 582 330 631 leti
341 581 434 644 facies,
447 597 507 631 cum
517 581 588 632 forte
598 588 738 633 natantem

60 651 193 701 Diversae
206 651 301 700 rostris
311 651 434 700 iuvenem
445 652 528 701 fixere
541 653 657 701 carinae.

59 719 196 769 Discessit
207 719 323 768 medium
335 726 390 769 tam
401 726 494 769 vastos
504 726 600 786 pectus
612 721 739 771 edictus:
803 721 854 772 655

60 787 119 838 Nec
130 785 275 853 prohibere
286 788 377 839 valent
387 788 494 838 obtritis
507 790 611 839 ossibus
624 795 708 852 artus,

63 857 123 916 Quo
135 857 223 905 minus
235 872 299 906 aera
311 864 417 907 sonent.
438 858 512 907 Eliso
523 865 626 919 ventre,
636 874 687 925 per
699 874 749 909 ora

59 925 171 975 Eiectat
181 927 283 975 saniem
294 929 443 990 permixtus
454 928 557 976 viscere
569 930 685 993 sanguis.

59 993 208 1061 Postquam
223 994 346 1044 inhibent
360 996 442 1044 remis
461 1009 578 1060 puppes,
597 1011 629 1044 ac
643 1004 734 1047 rostra
749 1013 792 1048 re·

531 1064 639 1125 cedunt,

58 1131 204 1183 Deiectum
214 1133 241 1180 in
254 1132 366 1197 pelagus
377 1130 502 1196 perfosso
514 1138 627 1196 pectore
640 1147 737 1199 corpus
801 1133 855 1184 660

58 1200 807 1264 Vulneribustransmisitaquas—Parsmaximaturbae

57 1269 209 1334 Naufraga‚
221 1269 331 1316 iactatis
341 1270 423 1318 morti
434 1268 574 1323 obluctata
583 1269 702 1331 lacertis,

56 1339 161 1403 Puppis
175 1336 208 1384 ad
222 1336 349 1384 auxilium
359 1337 452 1386 sociae
463 1339 614 1388 concurrit:
626 1338 702 1388 atilli

57 1405 171 1455 Robora
184 1420 244 1454 cum
255 1406 346 1454 vetitis
357 1412 518 1470 prensarent
527 1407 606 1457 ultius
616 1408 694 1469 ulnis,

58 1473 229 1541 Nutaretque
241 1476 308 1524 ratis
320 1475 419 1541 populo
432 1476 552 1541 peritura
563 1483 684 1542 recepto,
800 1476 852 1531 libb

57 1544 144 1608 Impia
156 1544 237 1593 turba
247 1558 328 1609 super
336 1544 442 1594 medios
454 1543 517 1595 ierit
528 1561 591 1595 ense
603 1546 735 1596 lacertus:

57 1610 176 1662 Brachia
186 1611 336 1679 linquentes
343 1613 427 1664 Graia
436 1615 582 1680 pendentia
593 1617 684 1682 puppi,

57 1683 78 1730 Α
90 1681 212 1731 manibus
225 1682 349 1733 cecidere
360 1683 429 1732 suis:
441 1697 493 1733 non
505 1685 619 1750 amplius
629 1684 718 1734 undae

59 1748 217 1800 Sustinuere
228 1765 324 1816 moves
335 1753 361 1800 in
373 1767 479 1801 summo
489 1755 596 1819 gurgite
606 1759 726 1803 truncos.

110 1820 220 1885 lamque
233 1821 306 1868 omni
315 1818 381 1869 fusis
387 1821 493 1870 nudato
505 1823 589 1871 milite
599 1823 669 1882 telis,
798 1824 850 1879 ero

57 1888 163 1937 lnrenit
175 1902 251 1935 arma
261 1886 351 1936 furor:
363 1903 466 1938 remum
477 1892 610 1940 contorsit
619 1892 646 1940 in
658 1888 765 1941 hostem

58 1957 145 2006 Alter:
158 1960 186 2004 at
197 1952 224 2003 hi
235 1961 336 2004 tortum
346 1956 441 2006 validis
452 1957 570 2023 aplustre
581 1959 699 2021 lacertis,

58 2024 224 2089 Avulsasque
235 2029 335 2081 rotant,
348 2038 462 2075 excusso
473 2029 585 2093 remige,
596 2028 682 2077 sedes.

57 2094 87 2143 ln
98 2107 217 2160 pugnam
228 2091 335 2157 fregere
347 2098 428 2142 rates.
458 2091 579 2144 Sidentia
589 2111 697 2162 pessum

59 2163 182 2227 Corpora
188 2161 552 2228 caesatenent‚spoliantque
565 2164 785 2214 cadaveraferro.
798 2165 848 2214 6¹15

57 2230 137 2280 Multi
147 2232 243 2296 inopes
254 2229 310 2292 teli,
320 2229 437 2279 iaculum
448 2229 528 2281 letale
540 2232 675 2281 revulsum

58 2299 223 2349 Vulneribus
233 2304 342 2348 traxere
352 2299 416 2358 suis,
430 2306 457 2348 et
467 2300 572 2349 viscera
581 2299 659 2350 laevo

59 2368 226 2434 Oppressere
235 2383 326 2429 manu,
338 2367 440 2421 validos
453 2368 515 2417 dum
526 2369 658 2434 praebeat
666 2371 737 2421 ictus

59 2434 183 2502 Sergius,
195 2443 224 2487 et
233 2435 358 2487 hostilem
370 2453 431 2487 enm
443 2439 562 2498 torserit,
575 2445 663 2498 exeat,
675 2437 789 2490 hastam.

110 2503 190 2554 Nulla
198 2512 288 2557 tamen
300 2507 390 2573 plures
401 2505 453 2556 hoc
466 2507 549 2556 edidit
560 2523 679 2573 aequore
690 2509 789 2572 clades,
797 2510 849 2561 68⁰

60 2575 146 2634 Quam
159 2575 256 2641 pelago
268 2576 374 2625 diversa
384 2576 450 2624 lues.
479 2574 548 2625 Nam
560 2578 702 2644 pinguibus
712 2581 781 2646 ignis

56 2644 167 2693 Adfixus
180 2643 257 2703 tedis,
269 2651 297 2694 et
306 2651 380 2694 tecto
390 2644 491 2694 sulfure
501 2646 580 2697 virm

56 2711 212 2780 Spargitur:
225 2720 252 2762 at
262 2713 355 2763 faciles
367 2713 498 2779 praebere
509 2715 638 2766 alimenta
647 2718 755 2769 carinae
