1950 3218
154 153 169 201 8
327 154 364 202 Μ.
401 153 501 205 ΑΝΝ.
537 154 716 209 LUCANI

152 269 302 321 Aestiferae
314 271 417 336 Libyes
431 275 486 323 viso
497 274 540 324 leo
552 278 700 328 comminus
711 275 790 330 hoste

153 336 282 389 Subsedit
293 340 398 400 dubius,
409 347 495 391 totam
509 344 571 392 dum
583 345 684 412 colligit
693 348 775 411 iram;
797 402 800 406 Δ

152 406 218 456 Mox
230 409 273 458 ubi
285 424 314 458 se
327 425 424 460 saevae
436 412 583 462 stimularit
593 415 704 465 verbere
716 417 819 466 caudae

153 475 303 544 Erexitque
315 478 401 539 iubas,
414 484 492 528 vasto
504 486 531 529 et
543 497 625 546 grave
638 499 757 534 murmur
768 483 843 535 biatu

93 545 143 592 210
155 544 308 597 infremuit:
320 555 375 596 tum
389 552 462 596 torta
472 547 537 597 levis
548 551 569 597 si
581 550 677 602 lancea
688 553 773 603 Mauri

152 614 283 677 Haereat,
296 623 342 664 aut
352 615 435 663 latum
448 615 562 665 subeant
572 621 706 671 venabula
717 630 819 686 peetus,

152 682 206 732 Per
216 684 325 744 ferrum,
337 685 405 732 tanti
416 699 527 734 securus
539 685 663 747 vulneris,
677 693 740 740 exit.

204 752 500 813 FonteeaditmodicO,
511 754 893 820 parvisqueimpelliturundis

152 820 288 870 Puniceus
299 820 430 880 Rubicon,
443 837 502 869 cnm
515 821 619 871 fervida
631 825 741 874 canduit
752 834 855 876 aestas:

93 888 143 938 2¹15
156 889 261 954 Perque
271 890 339 938 imas
351 891 435 953 serpit
449 890 538 952 valles,
550 896 577 940 et
590 890 695 942 Gallica
707 901 796 942 certus

152 957 245 1006 Limes
257 957 290 1006 ab
299 958 423 1006 Ausoniis
435 958 604 1008 disterminat
616 975 682 1010 arra
692 961 803 1012 colonis.

153 1027 222 1074 'an
234 1027 304 1075 vires
316 1026 464 1091 praebebat
475 1025 573 1088 biems,
585 1034 666 1094 atque
677 1037 791 1080 auxerat
802 1030 887 1081 undas

153 1096 249 1144 'l‘ertia
258 1096 312 1144 iam
325 1095 437 1162 gravido
450 1096 573 1161 pluvialis
585 1096 704 1161 Cynthia
715 1115 807 1160 cornu,

152 1165 188 1213 Et
200 1165 315 1214 madidis
327 1165 391 1214 Euri
403 1165 538 1216 resolutae
550 1165 657 1216 flatibus
668 1168 756 1232 Alpes.

94 1235 144 1281 220
156 1232 263 1283 Primus
273 1235 300 1282 in
313 1233 450 1301 obliquum
463 1237 572 1300 sonipes
584 1237 730 1301 opponitur
739 1252 854 1298 amnem,

153 1301 327 1368 Excepturus
339 1319 435 1369 aquas:
447 1305 519 1354 molli
531 1313 587 1354 tum
601 1312 694 1356 cetera
704 1308 802 1372 rumpit

154 1371 247 1420 Turba
258 1372 328 1421 vado
341 1371 435 1422 faciles
444 1374 497 1421 iam
510 1373 589 1423 fracti
600 1373 715 1423 fluminis
726 1376 820 1423 undas.

157 1440 257 1488 Caesar
267 1445 298 1487 ut
311 1439 460 1500 adversam,
472 1447 600 1503 superato
613 1444 728 1505 gurgite,
741 1444 825 1505 ripam

151 1507 256 1573 attigit,
268 1507 418 1570 Hesperiae
430 1509 521 1556 vetitis
534 1514 560 1555 ct
573 1509 694 1556 constitit
707 1511 789 1558 arsis:

91 1577 141 1625 225
155 1574 215 1635 Hic,
227 1576 273 1636 ait,
286 1574 331 1624 ln'c
339 1591 432 1640 pacem
446 1584 627 1639 ternerataqne
638 1575 699 1624 iarn
711 1576 848 1640 relinqao;

155 1641 206 1704 Te,
223 1638 357 1703 Fortuna,
377 1660 478 1709 separer.
516 1642 620 1692 Procul
632 1642 693 1693 ltine
709 1644 761 1694 iarn
770 1645 884 1715 foedera

624 1721 709 1761 sereno.

152 1778 408 1850 Credidirnnsfatis.
449 1779 579 1831 Utendum
592 1789 628 1829 es!
642 1780 728 1830 indice
740 1781 813 1831 bello.

151 1848 195 1899 Sic
207 1848 288 1910 fatus,
300 1850 388 1899 noctis
400 1849 519 1898 tenebris
531 1851 602 1913 rapit
614 1850 721 1915 agmina
733 1849 830 1900 duc-tor

151 1919 276 1984 impiger,
290 1923 317 1968 et
327 1923 401 1967 torto
415 1918 536 1967 Balearis
549 1918 660 1968 verbere
671 1918 769 1968 fundae

91 1989 140 2036 230
153 1989 244 2046 Ocior,
258 1993 285 2036 et
297 1989 378 2036 missa
389 1984 482 2036 Parthi
495 1993 557 2050 post
569 1993 647 2053 terga
658 1988 771 2052 sagitta3

149 2057 328 2122 Vicinumque
339 2057 429 2106 minax
440 2056 543 2105 invadit
552 2057 707 2105 Ariminum.
728 2057 805 2118 lgnes

151 2126 221 2177 Solis
232 2125 345 2175 lucifero
359 2124 498 2191 fugiebant
513 2130 587 2174 astra
597 2125 701 2185 relicto,

150 2198 261 2262 lamque
274 2195 331 2245 dies
344 2195 444 2258 primos
454 2193 517 2244 belli
530 2195 619 2243 visura
629 2193 757 2242 tunnrltus

150 2265 289 2315 Exoritur.
319 2263 373 2313 Seu
386 2271 483 2328 sponte
495 2263 584 2323 dedm,
597 2278 644 2312 seu
654 2261 776 2310 turbidus
787 2263 883 2311 Auster

90 2333 141 2384 235
153 2333 301 2399 lmpulerit,
313 2340 444 2383 moestam
457 2339 602 2382 tenuerunt
614 2330 703 2379 nubila
714 2329 809 2379 lucem.

150 2403 285 2461 Constitit,
297 2407 327 2450 ut
339 2408 419 2466 capto
429 2403 517 2450 iussus
529 2400 664 2464 deponere
676 2398 751 2448 miles

149 2469 233 2536 Signa
243 2470 313 2529 foro,
326 2471 426 2519 stridor
436 2469 540 2528 lituum,
554 2469 718 2534 clangorque
730 2467 854 2517 tubarum

148 2539 209 2588 Non
222 2540 267 2603 pia
278 2540 414 2587 concinuit
426 2554 484 2587 eum
499 2552 581 2586 rauco
594 2537 708 2586 classica
720 2551 812 2584 cornu.

148 2609 238 2672 Rupta
249 2607 324 2671 quies
337 2607 436 2670 populi,
448 2607 594 2670 stratisque
607 2606 697 2655 excita
708 2606 832 2654 iuventus

87 2680 137 2727 llll
149 2677 273 2740 lleripnit
286 2676 368 2722 samis
382 2675 470 2722 adlisa
481 2674 621 2738 penatibus
634 2688 717 2732 arara,
