1950 3218
156 180 206 232 134
326 181 365 231 lli.
400 178 500 230 And.
536 177 716 230 {suendi

217 299 351 351 Continuo
363 299 458 368 lugere
470 299 535 365 lupi,
548 297 643 365 fugere
654 296 768 348 revulsis

155 368 295 436 Unguibus
303 370 438 435 impastae
445 368 579 429 volucres,
591 368 654 417 dum
660 364 892 417 Thessalaratem

156 439 247 505 Eligit,
261 443 290 487 et
302 437 405 505 gelidas
417 437 473 487 loto
484 441 609 487 scrutata
618 435 750 486 medullas

94 507 145 558 636
158 507 296 557 Pulmonis
308 506 385 572 rigidi
398 511 503 556 stantes
514 507 573 556 sine
584 505 694 555 rulnere
704 503 788 554 libras

155 577 268 636 invenit,
286 583 314 624 et
323 589 418 624 rocem
431 573 560 625 defuneto
570 574 598 623 in
611 587 727 640 corpore
737 572 853 639 quaerit.

155 646 225 695 Fata
235 649 437 710 peremptorum
450 642 570 710 pendunt
579 643 633 692 iam
644 641 730 692 multa
740 640 871 703 rirorum,

156 715 242 774 Quem
255 712 360 778 superis
372 726 517 762 revocasse
528 712 601 762 volit.
631 709 658 760 Si
671 710 767 761 tollere
778 715 854 760 totas

155 783 304 832 Tentasset
314 782 416 847 ranrpis
429 783 510 844 acies,
523 786 551 830 et
561 778 675 830 reddere
684 779 766 841 bello,

95 852 145 902 635
156 849 308 900 Cessissent
317 849 393 916 leges
404 850 493 900 erebi:
514 855 691 916 monstroque
701 847 809 916 potenti

155 921 304 969 Extractus
315 916 413 986 Stygio
427 919 542 985 populus
553 922 700 985 pugnasset
709 919 826 968 Arerno‘.

155 988 280 1038 Electum
291 987 400 1039 tandem
412 990 530 1038 traiecto
543 992 653 1054 gutture
665 1001 765 1053 corpus

155 1056 246 1119 Ducit,
258 1062 294 1120 et,
303 1057 407 1108 inserto
418 1057 522 1124 laqueis
533 1055 661 1107 feralibus
670 1071 751 1117 unco,

154 1127 209 1177 l’er
219 1126 346 1194 scopulos
356 1127 483 1177 miserum
494 1124 620 1186 trabitur,
631 1140 680 1191 per
689 1138 757 1175 saxa
767 1122 888 1175 cadaver

95 1197 145 1248 646
156 1195 314 1247 victarum:
335 1196 488 1262 montisque
499 1195 567 1256 cari,
585 1208 664 1261 quem
675 1194 761 1244 tristis
770 1191 887 1245 Eriebto

155 1266 306 1315 Damnarat
316 1265 410 1327 sacris,
422 1264 478 1314 alta
488 1263 537 1314 sub
549 1277 615 1329 rupe
627 1263 741 1313 locatur.

206 1332 288 1383 Haud
303 1334 398 1400 procul
410 1349 426 1383 a
437 1333 509 1383 Ditis
520 1333 610 1382 caeeis
621 1331 750 1397 depressa
761 1330 886 1383 cavernis

154 1404 184 1452 in
194 1402 456 1468 praceepssubsedit
465 1400 575 1451 liumus:
588 1415 667 1468 quam
679 1399 779 1466 pallida
789 1400 885 1466 pronis

155 1472 239 1537 Urget
251 1470 319 1520 silva
331 1472 425 1532 comis,
438 1477 466 1520 et
477 1470 550 1519 nullo
562 1472 664 1520 vertice
675 1469 781 1520 coelum

94 1539 143 1588 645
156 1537 319 1604 suspiciens,
331 1537 443 1588 Phoebo
455 1554 508 1588 non
520 1539 615 1605 persia
624 1543 704 1589 taxus
715 1543 824 1604 opacat.

152 1609 306 1656 Marcentes
316 1608 389 1656 intus
404 1606 542 1669 tenebrae,
552 1608 708 1674 pallensque
719 1606 768 1658 sub
781 1608 867 1659 antris

153 1675 250 1742 Longa
261 1681 342 1724 nocte
353 1677 435 1740 situs3
460 1691 619 1743 numquam,
635 1678 685 1727 nisi
703 1677 823 1727 earmina
844 1674 888 1728 ia·

626 1751 718 1807 ctum,·

153 1813 256 1863 Lumen
267 1811 358 1862 babet.
387 1811 447 1862 Non
459 1813 608 1864 Taenareis
618 1815 658 1865 sic
668 1813 792 1867 saucibus
804 1830 853 1867 aer

153 1882 230 1932 Sedit
240 1884 322 1943 iners,
332 1888 467 1931 moestum
479 1884 570 1933 mundi
582 1884 689 1934 contine
699 1884 819 1947 latentis,

93 1951 143 2001 656
155 1953 191 2000 Ac
203 1952 301 2001 nostri:
322 1964 375 2017 quo
388 1965 440 2000 non
452 1958 574 2002 metuant
585 1954 709 2004 emittere
720 1968 816 2005 manes

153 2021 278 2070 'l¹artarei
290 2034 377 2086 reges.
407 2019 476 2070 Nam
488 2023 609 2086 quamuis
621 2020 756 2073 Thessala
764 2029 845 2074 rates

155 2091 214 2141 Vim
226 2089 312 2140 iaciat
323 2088 397 2151 fatis,
410 2088 520 2139 dubium
532 2098 582 2152 est,
594 2092 665 2159 quod
677 2093 793 2142 traxerit
802 2091 869 2143 illue

151 2159 290 2225 Adspiciat
301 2157 421 2225 Stygius,
433 2174 466 2208 an
484 2161 556 2226 quod
569 2160 749 2222 descenderit,
765 2159 886 2213 umbras.

151 2227 288 2289 Discolor,
301 2234 329 2278 et
340 2230 416 2279 vario
425 2227 528 2279 firrialis
541 2229 629 2280 cultus
640 2230 741 2280 amictu

91 2294 140 2345 655
151 2296 282 2357 induitur,
296 2297 438 2365 vultusque
448 2298 577 2363 aperitur,
589 2299 663 2348 crine
675 2303 792 2360 remoto,

97 2413 100 2417 .
151 2365 187 2414 lit
199 2380 277 2414 noma
287 2366 403 2431 vipereis
415 2366 610 2434 substringitur
621 2365 732 2418 horrido
743 2366 834 2419 sertis.

150 2434 186 2482 Ut
196 2435 307 2499 panidos
317 2436 421 2485 iuronls
432 2437 555 2497 comites,
570 2437 711 2503 ipsumque
722 2440 887 2488 trementem

152 2503 298 2568 Conspicit,
316 2505 432 2553 exanimi
443 2504 560 2554 defixum
572 2504 673 2556 lumina
682 2506 771 2556 rultu:

151 2568 259 2632 Ponite,
270 2573 317 2633 ait,
329 2573 434 2639 trepido
445 2582 585 2639 conceptor
597 2584 683 2625 mente
695 2574 820 2626 timores,-

90 2634 141 2686 666
154 2637 211 2715 inor
224 2655 300 2699 noan,
312 2641 366 2691 inm
379 2658 442 2692 nera
455 2643 584 2693 reddetur
593 2641 762 2711 attestante,

154 2704 188 2756 bt
202 2709 321 2771 primoris
329 2710 424 2775 pavidi
431 2710 537 2776 possint
547 2712 644 2762 audire
655 2716 812 2779 loquentem.
878 2766 885 2775 ,
