1956 3106
216 196 504 249 PHARSALIA.
540 199 628 249 LlB.
655 201 706 250 lX.
779 201 829 251 219

92 318 152 382 Qua
165 329 191 370 te
200 328 282 385 parte
288 319 359 383 poli,
372 333 424 384 quo
438 326 463 367 te
476 321 571 368 tellure
582 320 689 386 reliqui,

92 389 211 458 Africa?
234 385 344 454 Cyrenis
356 387 438 437 etiam
450 403 520 438 auae
533 387 627 438 bruma
640 389 756 457 rigebat.

89 458 240 525 Exiguane
251 455 294 505 vic
306 457 389 522 legem
402 457 580 507 convertimus
593 459 675 508 unsri?
820 520 821 523 Ἴ
837 458 887 511 815

90 529 164 577 lmus
176 527 204 578 ia
216 525 339 575 adversor
350 540 428 575 vaes:
442 527 587 576 evolvimur
598 527 676 577 orbe.-

93 595 185 664 Tergv
197 593 425 664 dvmrrsferiendv
446 594 524 646 Noto.
545 594 756 666 Nuneforsiton
766 595 825 662 ipsa

564 674 605 716 est

90 733 143 785 Sub
152 732 264 798 pedibus
275 731 331 783 ianr
343 731 429 782 Roma
439 732 511 783 meis,
533 734 640 786 Solatia
646 733 708 803 fati

90 803 167 853 Haec
175 802 307 868 petimus:
319 802 427 852 veniant
434 801 530 864 hostes,
539 802 689 871 Caesarque
697 812 826 870 sequatur

89 872 151 933 Quo
158 871 293 941 fiegimus.
314 869 359 921 Sic
370 871 439 920 dura
451 887 515 921 suos
526 874 659 939 patientia
669 880 781 941 questus
834 872 885 922 880

89 944 244 992 Exonerat:
265 942 339 1008 cogit
350 945 442 990 tantos
455 939 573 992 tolerare
584 942 692 993 labores
709 988 711 992 s
890 948 896 961 ¹

90 1010 202 1061 Summa
214 1011 290 1060 ducis
302 1011 397 1070 virtus,
410 1011 454 1076 qui
466 1009 538 1059 nuda
549 1010 625 1061 fusus
636 1026 720 1062 arena

89 1080 226 1141 Excubat,
239 1086 320 1146 atque
334 1079 406 1127 omni
417 1079 567 1127 Fortunam
580 1084 713 1145 provocat
722 1077 798 1128 bora.

90 1150 221 1199 Omnibus
232 1164 301 1198 unus
314 1147 393 1196 adest
403 1145 480 1197 latis:
501 1163 671 1215 quocumque
683 1154 805 1208 vocatur,

89 1218 215 1278 Advolat,
227 1222 309 1283 atque
319 1217 415 1282 ingens
426 1217 553 1267 meritum
564 1218 704 1284 maiusque
715 1215 802 1267 salute
835 1215 885 1266 885

91 1287 220 1346 Contulit,
230 1287 257 1335 in
269 1285 353 1335 letum
365 1286 449 1336 vires:
470 1286 619 1353 puduitque
630 1290 783 1353 gementem

89 1355 139 1405 1110
149 1360 221 1405 10010
231 1356 308 1404 01011.
329 1355 408 1415 Quod
419 1356 461 1405 ius
472 1353 613 1405 habuisset
622 1356 649 1405 in
659 1356 746 1421 ipsum

90 1425 152 1475 Ulla
164 1423 240 1474 10001
260 1426 345 1474 Casus
357 1423 445 1474 alieno
457 1430 571 1490 pectore
582 1425 674 1486 vincit,

92 1494 292 1562 Spectatorque
304 1494 395 1556 docet,
406 1509 520 1561 magnos
531 1493 568 1543 nil
578 1509 658 1560 posse
671 1494 788 1545 dolores.

91 1565 144 1616 Vix
156 1566 262 1614 miseris
273 1579 364 1614 serum
375 1569 452 1614 tanto
464 1564 568 1615 lassata
580 1564 683 1630 periclo
835 1561 887 1614 890

88 1634 223 1684 Auxilium
234 1634 357 1685 Fortuna
368 1633 452 1684 dedit.
473 1630 547 1685 Gens
558 1634 640 1684 unica
650 1639 738 1684 terras

89 1703 188 1752 Incolit
200 1719 216 1751 a
228 1717 310 1752 saevo
323 1709 479 1767 serpentum
489 1705 602 1753 innoxia
612 1718 714 1765 morsu,

89 1771 274 1820 Marmaridae
285 1770 383 1834 Psylli:
405 1787 456 1836 par
465 1773 557 1839 lingua
568 1772 724 1838 potentibus
736 1771 841 1821 herbis:

91 1841 152 1904 lpse
164 1853 245 1887 01001
256 1843 345 1898 10100,
356 1839 510 1907 nullumque
522 1840 666 1889 admittere
678 1840 760 1902 virus,

90 1907 142 1957 Vel
155 1913 237 1955 cantu
250 1911 387 1968 cessante,
398 1912 498 1973 potest.
528 1907 633 1957 Natura
642 1907 767 1958 locorum
837 1907 887 1957 895

91 1977 182 2036 lussit,
194 1981 223 2024 ut
234 1975 367 2024 immunes
379 1976 457 2026 mixti
469 1977 640 2042 serpentibus
651 1983 750 2027 essent.

92 2043 209 2105 Profuit,
220 2043 247 2092 in
258 2043 354 2093 mediis
366 2045 458 2095 sedem
469 2047 592 2110 posuisse
603 2046 721 2095 venenis.

91 2115 151 2164 Pax
160 2113 212 2163 illis
223 2127 283 2162 cum
294 2118 383 2161 morte
393 2113 458 2162 data
468 2120 517 2164 est.
536 2114 650 2164 Fiducia
661 2121 738 2164 tanta
749 2120 791 2165 001

92 2183 249 2251 Sanguinis:
260 2182 400 2230 interram
413 2198 512 2248 parvus
518 2198 585 2232 ‘cum
597 2183 698 2242 decidit
709 2183 806 2246 infans,

91 2253 132 2303 Ne
145 2268 198 2320 qua
209 2252 244 2302 sit
255 2256 384 2302 externae
395 2250 509 2303 Veneris
518 2252 637 2302 mixtura
648 2253 783 2311 timentes,
837 2253 887 2303 9110

91 2321 217 2373 Letifera
228 2320 325 2370 dubios
337 2320 481 2386 explorant
492 2320 585 2388 aspide
597 2327 700 2388 partus.

92 2394 181 2457 thue
192 2391 264 2441 loris
276 2388 402 2451 volucer,
415 2389 503 2440 calido
516 2406 576 2440 cum
586 2390 701 2456 protulit
713 2392 764 2442 ovo

92 2460 237 2524 Implumes
248 2465 338 2520 natos,
351 2458 415 2510 solis
427 2461 563 2509 convertit
572 2462 599 2509 in
611 2465 699 2510 ortus:

95 2530 148 2589 Qui
158 2535 271 2593 potuere
283 2529 341 2595 pati
350 2528 455 2590 radios,
469 2534 497 2578 et
506 2529 605 2579 lumine
616 2535 693 2579 recto

95 2597 253 2647 Sustinuere
265 2598 337 2657 diem
349 2597 427 2660 coeli,
439 2605 583 2649 servantur
592 2599 620 2648 in
631 2615 709 2663 usus3
839 2599 890 2649 905

96 2668 146 2725 Qui
158 2665 271 2717 Phoebo
283 2682 404 2729 cessere,
414 2669 519 2717 iacent:
530 2669 569 2717 sic
580 2669 695 2735 pignora
704 2671 792 2736 gentis

97 2736 206 2801 Psyllus
218 2733 309 2796 habet,
321 2738 343 2785 si
355 2739 413 2803 quis
425 2744 515 2787 100100
528 2752 581 2786 000
593 2735 699 2789 horruit
710 2754 820 2806 angues,
