1950 3218
210 158 510 211 etraRsnLtn.
546 160 642 211 LlB..
660 161 691 212 V.
773 159 825 210 105

93 278 146 332 sed
157 280 295 329 minimum
308 285 406 338 terrae,
418 280 506 329 ricino
517 278 606 339 litore,
619 280 701 329 norit.

95 349 155 400 Hoc
166 347 277 399 fortuna
286 349 349 397 loco
361 354 456 398 tantae
467 343 525 397 duo'
532 348 641 397 nomina
651 345 740 397 famas

94 417 266 483 Composuit:
286 417 429 482 miserique
442 413 493 464 fuit
504 430 566 480 spes
577 416 655 465 irrita
664 416 764 479 mundi,

95 487 178 536 Posse
189 484 281 545 duces,
295 499 379 550 parra
391 485 479 549 campi
489 485 607 534 statione
619 483 758 545 diremtos,
832 486 889 535 47⁰

92 555 238 605 Admotum
251 554 379 602 damnare
391 551 475 602 nefas.
505 552 574 602 Nam
587 567 698 603 cernere
710 545 811 603 vultus¹

95 625 129 674 Et
138 637 221 673 voces
233 621 326 671 audire
339 622 431 671 datur:
450 621 602 687 multosque
614 637 662 687 per
675 636 759 672 annos

94 691 216 742 Dilectus
226 691 283 750 tibi,
295 691 404 756 Magne,
414 704 501 754 socer,
513 697 575 756 post
585 691 700 756 pignora
710 696 788 740 tanta

93 757 824 827 Sanguinis,infaustamsobolismortenrquenepotum,

93 832 133 880 'l'e
145 829 195 878 nisi
209 827 314 877 Niliaca
325 829 434 892 propius
445 841 499 877 non
509 827 576 877 vidit
587 842 678 877 arena.
832 829 889 879 4751

146 898 270 949 Caesaris
291 896 441 946 adtonitam
460 895 599 946 miscenda
620 897 654 946 ad
673 898 774 963 praelia

181 970 184 975 '
561 971 678 1015 mentem

90 1035 175 1084 Ferre
187 1049 278 1084 moras
288 1033 422 1083 scelerum
434 1038 526 1098 partes
536 1035 639 1084 iussere
650 1034 771 1086 relictae.

92 1104 199 1153 Ductor
210 1108 270 1152 erat
281 1103 385 1151 cunctis
398 1102 488 1150 audax
497 1103 629 1152 Antonius
642 1103 731 1164 arnus,

91 1173 148 1222 lam
159 1177 224 1222 tunc
235 1171 305 1221 civili
315 1171 461 1221 meditatus
472 1170 604 1221 Leucada
614 1169 694 1220 bello.

90 1241 168 1290 illurn
180 1255 262 1305 saepe
273 1241 351 1289 nrinis
364 1241 463 1289 Caesar
474 1239 651 1306 precibusque
662 1246 814 1292 morantem
832 1242 889 1291 48⁰

90 1310 209 1360 Evocat:
230 1307 254 1361 0
266 1307 358 1359 nsurrdi
371 1317 507 1360 tarataram
519 1324 612 1360 caussa
623 1308 752 1371 laborum,

94 1377 168 1441 Quid
178 1394 287 1443 superne
299 1386 325 1427 et
331 1376 400 1446 fata
411 1379 501 1428 terres?
530 1377 598 1429 Sient
609 1387 717 1429 caetera
729 1395 809 1431 eursu

92 1447 162 1497 Acta
174 1463 244 1497 rrreo:
255 1463 382 1497 suuuuam
396 1447 471 1513 rapti
478 1463 529 1512 per
537 1463 668 1514 prospera
679 1447 740 1499 belli

94 1515 130 1568 I'e
140 1515 228 1582 poscit
238 1515 361 1568 Fortuna
373 1532 487 1568 erroreum.
517 1515 545 1566 N
547 1534 589 1568 arra
601 1526 683 1583 rapta
694 1517 798 1568 vadosis

91 1585 215 1663 Syrtibus
226 1585 328 1636 incerto
339 1585 422 1653 Libye
434 1602 480 1637 nos
492 1586 591 1637 diuidit
601 1588 696 1638 aestu?
830 1588 882 1639 485

90 1654 227 1720 bunrqrrid
236 1654 376 1720 inexperto
388 1665 436 1706 tua
447 1655 577 1706 credimus
588 1673 663 1707 arma
674 1660 819 1726 profundo,

90 1725 175 1791 Inque
187 1739 264 1774 novos
275 1723 391 1774 traderis
402 1727 496 1774 casus?
525 1725 633 1789 (arsace,
644 1726 733 1776 verrire

94 1791 132 1844 Te
145 1791 255 1853 Caesar,
267 1811 318 1844 reon
329 1793 378 1854 ire,
390 1793 470 1845 iubet.
498 1792 582 1845 Prior
593 1794 650 1860 ipse
659 1811 710 1860 per
720 1794 808 1847 hostes

89 1861 220 1914 Percussi
232 1861 329 1912 medias
340 1861 423 1913 alieni
434 1861 502 1912 iuris
514 1879 619 1914 arenas.

94 1929 136 1982 Tu
148 1948 204 1982 urea
217 1939 310 1982 castra
321 1931 416 1982 times?
444 1930 593 1982 Pereuntia
605 1941 724 1999 tempora
730 1931 792 2003 fati
830 1933 889 1983 49⁰1

92 1999 259 2065 Conquerar:
278 1999 306 2051 in
317 2009 405 2051 ventos
416 2000 536 2064 irrependo
548 2001 785 2072 cotafreturnque.

89 2068 128 2120 Ne
139 2069 223 2121 retine
235 2068 342 2119 dubium
353 2067 488 2133 cupientes
499 2068 540 2119 ire
549 2086 600 2134 per
611 2087 726 2135 aeqrror:

91 2140 121 2190 Si
132 2139 194 2190 bene
204 2148 268 2190 nota
280 2136 344 2188 milei
357 2146 403 2195 est,
416 2137 453 2187 ad
466 2133 589 2188 Caesaris
599 2155 676 2187 arma
689 2139 811 2190 iuventus

90 2207 252 2278 Naufragio
265 2207 363 2258 vertisse
375 2207 452 2257 uolet.
484 2203 541 2255 [aru
556 2222 618 2256 aare
629 2207 726 2257 doloris

92 2277 226 2328 Utendum
238 2286 291 2327 est:
302 2293 354 2328 non
365 2293 398 2326 ex
410 2290 492 2339 aequo
504 2273 641 2325 divisimus
654 2275 751 2326 oriens.
830 2277 889 2328 4951

92 2346 206 2412 Epirum
220 2344 373 2410 Caesarque
385 2353 457 2396 tenet
470 2354 593 2410 totusque
605 2354 726 2396 senatus:

89 2415 237 2466 ,irisaniarn
249 2424 279 2465 tu
291 2419 361 2466 solus
373 2414 460 2465 babes.
490 2414 541 2463 His
552 2420 646 2480 terque
658 2419 807 2481 quaterque

88 2485 210 2535 Vocibus
223 2485 341 2535 excitum
352 2492 496 2551 postquam
509 2498 616 2533 cessare
627 2484 745 2545 ridebat,

88 2554 160 2604 Dum
173 2569 202 2604 se
213 2552 308 2604 deesse
319 2554 386 2616 deis,
398 2568 430 2603 ae
441 2567 494 2602 non
506 2552 556 2602 sibi
568 2553 685 2615 numina,
698 2553 793 2617 credit,

88 2620 193 2689 Sponte
205 2637 252 2687 per
262 2624 385 2674 incautas
396 2622 478 2672 audet
490 2627 596 2672 tentare
607 2622 742 2686 tenebras,
830 2623 889 2672 506'

91 2692 171 2754 Quod
183 2693 249 2742 iussi
260 2693 382 2754 timuere,
395 2690 506 2742 fretum:
525 2692 670 2742 temeraria
680 2708 766 2759 prono
