1956 3106
206 164 491 217 PHARSAle.
528 166 709 217 Liuvn.
778 167 832 217 147

88 286 218 348 Lentule,
231 301 290 335 cuni
306 287 401 351 prima,
413 300 481 352 quae
492 290 549 333 tum
562 284 613 334 fuit
626 285 728 351 optima
738 287 819 350 bello,

90 359 128 407 Et
139 363 236 422 quarta
246 354 355 421 legione
366 354 458 403 datur:
478 353 536 415 tibi,
548 356 656 404 numine
667 370 773 422 pugnax

90 426 222 485 Adverso,
233 424 345 484 Domiti,
359 423 448 472 dextri
459 421 536 473 frons
548 423 650 473 tradita
659 424 763 474 Martis.
839 426 889 474 2211

91 496 126 544 At
137 492 217 544 medii
229 493 311 542 robur
321 491 382 541 belli
396 491 545 542 fortissima
556 492 671 543 densant

92 564 215 630 Agmina,
227 575 295 627 quac
309 560 420 611 Cilicum
432 562 512 610 terris
524 562 643 611 deducta
653 561 764 612 tenebat

94 630 195 697 Scipio,
208 631 284 680 miles
295 632 320 679 in
334 627 395 690 boc,
407 629 515 694 Libyco
528 630 581 679 dux
594 633 694 695 primus
705 632 732 680 in
744 630 819 680 orbe.

92 703 127 751 At
137 703 214 750 iuxta
222 699 327 759 fluvios,
340 705 368 748 et
378 705 476 766 stagna
486 699 612 749 undantis
624 701 730 766 Enipei,

94 769 287 836 Cappadocum
299 775 430 818 montana
442 765 550 830 cohors,
563 775 590 818 et
602 769 694 836 largus
706 768 819 820 habenis
837 772 888 820 225

93 840 224 888 Ponticus
236 838 294 887 ibat
305 852 395 905 eques.
426 836 499 887 Sicci
509 837 556 887 sed
568 838 683 903 plurima
696 841 783 904 campi

94 906 264 957 'l'etrarebao
275 922 407 974 regesque
419 913 514 956 tenent
525 909 667 974 magnique
679 911 798 972 tyranni,

92 979 179 1043 ,itque
192 977 278 1026 omnis
289 976 371 1025 Latio
385 990 454 1042 quae
465 978 548 1025 servit
556 991 676 1041 purpura
687 977 769 1027 ferro.

96 1046 198 1095 illucet
210 1045 299 1110 Libye
310 1044 450 1105 Numidas,
463 1051 491 1094 et
504 1045 585 1094 Creta
595 1045 722 1109 Cydonas

93 1117 180 1164 Misit:
202 1115 317 1163 lturaeis
329 1129 423 1162 cursus
435 1113 486 1163 fuit
495 1114 558 1162 inde
571 1114 691 1179 sagittis:
838 1116 888 1165 230

94 1184 167 1241 Inde,
180 1190 271 1232 truces
284 1182 363 1242 Galli,
376 1183 485 1232 solitum
497 1182 625 1247 prodistis
635 1183 662 1230 in
674 1179 793 1232 hostem:

93 1254 151 1303 illic
163 1267 300 1318 pugnaces
314 1252 461 1300 commorit
472 1251 562 1300 iberia
574 1257 671 1301 cetras.

91 1323 176 1385 Eripe
187 1321 285 1369 victori
296 1327 400 1385 gentes,
412 1326 440 1369 et
451 1321 582 1386 sanguine
593 1320 684 1368 mundi

94 1392 174 1449 Fuso,
186 1389 296 1454 Magne,
307 1388 399 1450 semei,
411 1394 485 1439 10100
498 1404 626 1439 consume
638 1389 796 1456 triumphos,

146 1458 193 1507 1110
206 1457 277 1507 forte
290 1458 332 1508 die
345 1458 453 1521 Caesar,
465 1459 583 1508 statione
596 1459 700 1521 relicta,
838 1462 887 1512 235

92 1529 132 1578 ,id
144 1535 267 1595 segetum
278 1533 372 1594 ruptus
384 1533 507 1578 moturus
518 1529 604 1595 signa,
618 1534 730 1595 repente

93 1599 231 1664 Conspicit
242 1598 268 1647 in
281 1598 376 1664 planos
388 1597 493 1648 bostem
507 1598 674 1648 descendere
685 1613 806 1664 campos,

93 1667 273 1734 Oblatumque
284 1667 358 1717 ridet
370 1669 440 1717 rotis
451 1668 501 1718 sibi
511 1668 583 1718 mille
595 1669 708 1735 petitum

92 1739 221 1802 Tempus,
236 1739 260 1785 in
275 1744 414 1787 extremos
427 1753 480 1804 quo
492 1739 613 1787 mitteret
626 1739 718 1788 omnia
729 1754 816 1788 casus.

92 1810 179 1873 Aeger
190 1808 287 1871 quippe
299 1821 406 1867 morae,
422 1805 724 1873 flagransquecupidine
738 1809 822 1873 regni,
836 1811 886 1858 24⁰

92 1879 229 1941 Coeperat
239 1877 337 1940 exiguo
349 1880 439 1924 tractu
454 1875 543 1924 cicilia
553 1875 625 1925 bella

92 1947 127 1996 [t
139 1945 239 1994 lentum
252 1943 380 1993 <iutimare
392 1942 477 1993 nefas.
489 1962 494 1970 ·
507 1945 671 1994 Discrimina
681 1950 825 2010 postquam

91 2015 244 2064 Adventare
257 2011 367 2072 ducum,
381 2028 560 2079 supremaque
573 2014 676 2078 prcelia
688 2013 763 2076 vidit,

92 2087 221 2134 Casuram
234 2087 262 2132 et
272 2080 322 2130 fati
334 2081 419 2130 sensit
429 2086 526 2131 nutare
539 2084 615 2131 ruina
628 2098 652 2142 u,

90 2153 139 2203 1110
147 2148 394 2219 quoqueinferrum
402 2149 624 2216 rabiespromptis
637 2150 826 2215 ‹irrrapauilum
837 2151 887 2200 245

90 2221 218 2289 iinnguit,
231 2227 259 2270 et
271 2235 349 2269 casus
362 2219 451 2268 audax
463 2219 598 2284 spondere
609 2218 744 2269 secundos

90 2293 169 2344 ,11000
184 2292 261 2341 stetit
270 2291 298 2339 in
308 2288 399 2350 dubio,
412 2303 492 2354 quam
503 2303 554 2338 nec
565 2303 614 2337 sua
624 2287 682 2337 fata
693 2289 798 2350 timere,

91 2360 147 2411 Nec
159 2361 251 2428 blagni
265 2373 377 2426 sperare
388 2359 487 2408 sinunt.
515 2358 672 2408 Formidine
684 2373 781 2419 mersa,

90 2431 209 2480 i'rosiiit.
238 2429 382 2479 Hortando
393 2427 489 2477 melior
499 2427 599 2477 fiducia
609 2426 703 2493 vulgo:

92 2497 243 2550 odoratior
256 2499 355 2560 rrrrrndi,
367 2513 456 2548 rerum
464 2497 582 2567 forium
593 2513 722 2558 cneorum,
836 2499 887 2548 250

89 2567 179 2629 Miles,
191 2570 265 2618 adest
278 2569 357 2619 toties
368 2576 480 2634 optatae
493 2567 571 2632 copia
581 2583 697 2633 pugnae.

90 2636 136 2687 su
149 2654 213 2702 opus
226 2647 265 2688 est
277 2638 361 2688 votis:
380 2637 539 2706 inuasurum
552 2635 778 2756 accersitehlerro.

88 2707 121 2758 10
134 2707 254 2758 itionibus
267 2707 372 2768 cestris,
384 2717 501 2772 0000100
513 2706 547 2757 sit
563 2704 674 2826 Caeslqr,
703 2707 796 2758 abetis.
