1956 3106
207 149 257 197 >ltu
374 144 411 194 M.
448 143 548 194 ANN.
587 143 765 195 LUCANl

209 265 349 335 Signifero
361 262 637 330 qrtaecumquefluunt
649 263 766 314 labentia
778 264 862 326 coelo,

208 335 359 399 Nurrrquom
369 341 458 382 stante
465 336 543 397 polo,
556 333 665 383 miseros
668 330 800 402 fallentia
811 342 912 385 nautas

210 403 306 453 Sidera
316 419 367 454 non
378 400 528 466 sequimur.-
539 402 585 452 sed
598 400 645 466 qui
654 417 706 452 non
715 399 851 467 mergitur
863 399 938 454 undis

148 472 199 521 175
212 473 278 523 Axis
289 470 456 529 inocciduus,
466 469 576 537 gemina
587 458 750 520 clarissimus
762 469 859 533 Arcto,

208 542 257 591 ille
269 541 342 607 regit
350 554 460 605 puppes.
490 538 544 589 Hic
555 554 613 589 eum
625 537 691 588 milri
700 554 802 603 semper
812 537 842 591 in
853 542 937 591 ultan

209 612 324 677 Surget,
336 616 362 659 et
374 606 485 657 instabit
497 607 605 657 sanioris
615 607 702 658 minor
715 606 785 658 Ursa
799 606 939 668 ceruclisf

208 678 346 742 Bosporon
357 687 382 727 et
395 675 520 742 Scythiae
532 685 688 727 curvantem
700 676 781 727 litora
788 686 906 741 pontum

211 747 375 813 Spectamas.
388 743 526 811 Quidquid
537 745 673 795 descendet
684 745 716 795 ab
729 744 825 796 arbore
836 760 939 798 summ

150 815 198 862 180
209 813 404 882 Arctophylax,
411 814 577 880 propiorque
587 813 659 863 mari
669 812 807 882 Cynosura
817 815 939 884 feretur,

209 886 242 934 ln
253 883 349 950 Syriae
357 890 453 950 portus
467 884 554 935 tendit
564 882 642 933 ratis.
672 883 736 933 lade
747 880 873 950 Canopos

208 952 340 1019 Excipit,
352 952 477 1003 Australi
488 955 559 1004 coelo
571 960 695 1003 contenta
705 951 805 1019 uagari

210 1024 303 1084 Stella,
314 1023 409 1074 timens
421 1021 542 1074 Borean:
552 1022 601 1072 illa
613 1036 713 1085 quoque
721 1036 807 1089 perge
817 1021 938 1085 sinistro,

213 1091 302 1142 Trans
318 1091 444 1151 Plaroa,
465 1091 493 1142 in
515 1090 598 1141 medio
622 1098 718 1206 tangSet
733 1088 804 1140 ratis
826 1106 939 1158 aequore

719 1168 783 1209 rtes.

151 1228 200 1276 185
214 1228 266 1277 Serl
279 1245 329 1294 quo
340 1232 399 1280 vela
411 1228 481 1288 dari,
493 1244 542 1294 quo
553 1244 623 1279 nunc
629 1176 821 1294 pileinstein
834 1230 910 1281 tendi

211 1295 316 1348 Nostra
326 1297 516 1349 iubes?1)ubio
529 1302 625 1346 contra
635 1297 679 1346 cui
690 1303 804 1362 pectore
812 1298 939 1366 Magnus,

210 1366 270 1416 Hoc
282 1369 366 1417 solum
379 1376 447 1425 toto,
459 1365 599 1430 respondit
604 1402 612 1427 ‚
624 1365 653 1416 in
664 1381 780 1431 aequore
792 1381 881 1429 serra,

213 1433 250 1484 Ut
261 1435 296 1485 sit
307 1436 339 1485 ab
350 1434 487 1487 Ernatltiis
499 1449 598 1499 serripcr
610 1443 659 1484 tua
670 1434 777 1502 longius
788 1435 845 1493 uris

212 1503 328 1569 Puppis,
340 1512 366 1553 et
378 1502 536 1568 Hesperiam
545 1504 644 1570 pelago
657 1505 778 1567 coeloque
791 1505 940 1572 relinquet:

151 1573 201 1621 tto
215 1571 311 1621 Cetera
322 1573 355 1620 da
366 1572 460 1622 ventis.
490 1568 618 1621 Comitem
626 1572 778 1639 pignusque
789 1574 880 1640 recepi

213 1638 388 1704 Depositum.-
400 1649 464 1690 tunc
476 1648 565 1690 certus
577 1656 660 1700 eram,
671 1641 830 1704 quaelitora
840 1642 941 1701 vellent

213 1708 289 1759 Nunc
298 1717 407 1773 portum
421 1707 540 1759 Fortuna
553 1708 635 1758 dulit.
666 1707 711 1759 Sic
722 1708 807 1760 fatum
820 1708 905 1761 atille

213 1780 287 1828 lusto
299 1776 360 1826 vela
369 1777 450 1828 modo
462 1779 609 1844 pendentia
621 1778 747 1828 cornibus
759 1781 854 1845 aequis

213 1849 315 1904 Torsit,
328 1852 356 1898 et
365 1848 392 1897 in
403 1847 509 1897 laevum
517 1847 626 1913 puppim
635 1847 718 1909 dedit,
730 1855 814 1913 utque
826 1850 943 1907 secaret,

152 1915 202 1965 495
215 1918 288 1977 Quas
297 1914 549 1976 Sauriaecautes,et
557 1931 624 1983 quas
631 1914 711 1967 Chios
723 1916 943 1980 asperoqundor,

214 1986 273 2035 Hos
285 1985 360 2035 dedit
370 1986 396 2034 in
408 2000 526 2050 prorant,
537 1982 798 2050 tenethosinpuppe
806 1985 944 2037 rudentes.

212 2057 338 2122 Aequora
348 2060 489 2104 senserunt
501 2060 606 2116 motus,
616 2052 746 2120 aliterque
758 2060 870 2105 secante

211 2126 268 2174 lam
284 2123 394 2191 pelagus
406 2129 510 2184 rostro,
524 2136 575 2172 nec
584 2121 656 2172 idem
668 2126 810 2188 spectante
824 2123 928 2185 carius,

212 2195 355 2243 Mutavere
366 2208 470 2243 sonum.
499 2191 559 2241 Non
569 2192 609 2241 sic
620 2190 778 2241 moderator
788 2205 931 2258 equorum,

153 2263 203 2310 2⁰0
214 2262 379 2313 Dexteriore
390 2268 453 2311 roto
462 2261 569 2310 laevum
581 2273 643 2308 cum
657 2260 753 2309 circuit
765 2274 855 2323 axem,

214 2333 293 2399 Cogit
302 2330 451 2381 inoffensae
464 2345 558 2379 currus
571 2327 701 2379 accedere
710 2334 810 2379 metae.

267 2400 393 2450 Ostendit
403 2405 490 2450 terras
502 2399 599 2458 titan,
610 2403 638 2447 et
648 2396 738 2447 sideru
748 2398 828 2447 texit.

214 2467 331 2534 Sparsus
343 2468 375 2518 ab
386 2465 513 2519 Emathia
524 2466 593 2532 fugit
604 2466 764 2533 quicumque
775 2466 908 2533 procella,

214 2538 376 2605 Adsequitur
386 2538 528 2605 Magnum:
547 2536 703 2601 primusque
714 2550 731 2584 a
740 2535 822 2587 litore
832 2534 919 2587 Lesbi

156 2605 204 2654 2⁰5
213 2607 340 2657 Occurrit
350 2612 446 2667 natus,
457 2619 601 2673 procerum
613 2618 677 2653 mox
688 2603 770 2655 turba
779 2604 877 2657 tidelis.
908 2598 913 2605 “

215 2674 284 2724 Nom
296 2690 382 2742 neque
393 2674 500 2724 deiecto
512 2674 591 2735 fatis,
604 2674 716 2740 acieque
726 2671 821 2741 fugato
