1956 3106
213 171 497 225 PllllllSALlA.
532 173 622 225 111ss.
650 174 707 227 Ill.
796 175 830 226 59

93 293 130 344 nt
141 290 240 342 crudae
251 293 324 357 putri
337 291 471 342 lluxerunt
482 292 592 359 pulvere
604 303 705 344 cautes.

92 361 250 421 Procubuit,
263 363 403 427 maiorque
414 362 507 411 iacens
520 361 646 426 adparuit
658 377 748 428 agger.

145 429 213 496 Spes
224 431 302 480 victis
315 430 417 479 telluris
429 430 493 490 abit,
506 430 661 495 placuitque
674 431 808 494 profundo

93 501 241 550 Fortunam
252 504 359 548 tentare
370 500 446 547 rrrari.
476 497 537 548 Non
548 498 648 548 robore
660 501 734 564 picto
839 501 890 551 510

93 569 211 620 Ornatas
223 567 315 618 decuit
325 566 430 633 fulgens
441 568 527 618 tutela
540 569 656 628 carinas,

92 636 147 688 Sed
158 636 242 698 rudis,
255 644 282 686 et
292 636 377 703 qualis
389 637 542 701 procumbit
552 637 697 697 montibus,
710 637 792 688 arbor

93 706 258 766 Conseritur,
270 705 372 755 stabilis
383 705 522 755 navalibus
534 721 600 755 area
610 705 694 756 bellis.

91 777 128 826 Et
139 777 194 825 ium
205 776 366 842 turrigeram
378 774 456 824 Bruti
468 775 598 825 comitata
609 777 727 825 cerinum

91 846 213 896 Venerat
221 845 249 892 in
260 843 358 893 iluctus
369 841 494 893 Rhodani
507 858 567 892 cum
578 845 685 911 gurgite
699 845 801 906 classis,
839 845 888 895 515

90 910 442 964 Stoechadosarvatenens.
454 911 570 980 Nec-non
577 918 604 962 et
611 912 695 964 Gruic
701 916 827 965 iuventus

91 978 178 1034 Omne
189 998 266 1033 suum
276 980 340 1033 fotis
350 981 437 1030 soluit
447 982 617 1031 committere
627 982 723 1033 robur:

91 1052 323 1117 Grandaevosque
334 1065 412 1100 senes
424 1049 514 1100 mixtis
526 1051 640 1100 armarit
650 1049 769 1116 ephebis.

89 1122 203 1186 Accepit
213 1135 266 1170 nou
279 1118 339 1169 sola
349 1120 431 1179 siros,
443 1131 513 1184 quae
523 1117 614 1167 stabat
623 1120 651 1166 in
661 1120 748 1179 undis,

92 1190 205 1252 Classis3
219 1194 246 1238 et
258 1189 386 1237 emeritus
397 1182 524 1251 repetunt
534 1186 673 1238 navalibus
685 1187 769 1236 alnos.
837 1187 888 1236 520

91 1261 128 1308 Ut
138 1258 287 1307 matutinos
298 1269 428 1322 spargens
438 1269 519 1321 super
531 1269 651 1320 aequora
662 1253 789 1305 Phoebus

92 1327 186 1392 Fregit
197 1327 273 1391 equis
283 1324 383 1383 radios,
397 1330 425 1374 et
434 1323 503 1375 liber
513 1323 628 1374 nubibus
640 1322 742 1384 aether,

91 1396 129 1445 Et
140 1396 230 1460 posito
242 1395 341 1455 Borea,
353 1407 502 1459 pacemque
512 1393 667 1444 tenentibus
678 1394 791 1454 Austris,

92 1463 233 1514 Servatum
245 1463 315 1513 bello
324 1464 409 1512 iacuit
419 1477 503 1524 merc,
513 1463 599 1512 morit
609 1463 642 1512 ab
655 1464 727 1512 omni
754 1506 755 1509 ,

92 1534 210 1601 Quisque
221 1549 298 1583 sunm
309 1534 426 1582 statione
437 1533 703 1600 ratem,paribusque
715 1532 825 1582 lacertis
837 1530 887 1583 525

90 1604 213 1653 Caesaris
224 1601 286 1652 binc
299 1602 392 1667 pubes,
404 1600 466 1652 binc
479 1601 564 1652 Graio
576 1603 678 1669 remige
692 1601 785 1652 classis

90 1672 217 1721 ‘l'ollitur2
228 1672 360 1738 impulsae
372 1673 456 1721 tonsis
468 1675 601 1721 tremuere
614 1673 731 1733 carinae,

90 1742 243 1807 Crebraque
255 1741 381 1791 sublimes
395 1740 548 1791 convellunt
558 1740 672 1790 verbera
683 1756 795 1806 puppes.

88 1811 198 1861 Cornua
208 1810 346 1860 Romanae
358 1810 460 1871 classis,
473 1809 631 1876 validaeque
642 1811 775 1869 triremes,

90 1881 218 1944 Quasque
231 1885 326 1944 quater
337 1894 449 1945 surgens
461 1880 593 1929 exstructi
602 1879 711 1944 remigis
723 1878 791 1928 ordo
836 1877 886 1928 530

90 1951 258 2007 Commovet,
266 1952 294 1996 et
302 1946 391 2011 plures
399 1963 468 2014 quae
477 1954 603 2013 mergunt
610 1962 727 2014 aequore
738 1948 825 2012 pinus,

91 2015 253 2082 Multiplices
265 2016 372 2065 cinxere
383 2022 465 2066 rates.
487 2017 548 2065 Hoc
560 2016 641 2065 robur
653 2022 749 2081 aperto

89 2086 251 2153 Oppositum
264 2084 370 2150 pelago.
399 2084 508 2133 Lunata
519 2084 608 2134 fronte
621 2085 760 2144 recedunt,

87 2156 190 2206 Ordine
202 2160 346 2203 contentae
358 2155 464 2219 gemino
477 2155 593 2203 crevisse
604 2153 733 2201 liburnae.

89 2225 193 2276 Celsior
205 2230 233 2272 at
245 2223 349 2273 eunctis
361 2223 437 2271 Bruti
449 2223 588 2287 praetoria
599 2223 695 2286 puppis
835 2221 884 2272 535

88 2294 254 2346 Verberibus
265 2294 336 2342 senis
347 2293 444 2359 agitur,
456 2289 608 2357 molemque
620 2289 755 2354 profundo

87 2362 201 2424 lucebit,
213 2370 240 2412 et
252 2364 361 2412 suurmis
375 2362 454 2427 louge
465 2360 534 2426 petit
544 2374 664 2426 aequore
675 2361 764 2410 remis.

140 2434 176 2483 Ut
184 2438 288 2483 tantum
301 2432 383 2482 medii
393 2430 484 2480 iuerat
495 2431 585 2491 maris,
601 2435 715 2495 utroque
731 2429 823 2480 classis

90 2502 169 2562 eund
180 2502 262 2552 semel
275 2503 395 2552 excussis
407 2505 502 2567 posset
513 2505 699 2549 transcurrere
710 2503 805 2560 tonsis,

87 2572 247 2621 Innumerae
258 2578 336 2621 vesto
348 2573 496 2620 miscentur
506 2570 533 2617 iu
544 2567 655 2619 aethere
665 2583 761 2618 voces:
833 2569 883 2618 540

87 2640 285 2706 Remorumque
296 2656 377 2690 sonus
387 2639 519 2705 premitur
530 2639 661 2688 clamore:
673 2653 724 2688 uec
734 2638 804 2688 ullae

86 2709 177 2759 Audiri
191 2722 304 2776 potuere
315 2710 405 2760 tubae.
435 2709 512 2758 'lune
523 2709 759 2767 caerulaverrunt,
809 2703 814 2716 '
