1956 3106
99 190 102 195 ’
181 207 706 258 erransnrunurnru.
794 209 826 259 51

90 329 226 379 Noverat:
240 336 267 378 et
279 328 352 378 saxis
363 333 478 388 tantum,
490 329 668 394 volucresque
678 327 816 396 feraeque,

91 398 256 464 Sculptaque
269 396 414 452 servabant
426 398 551 464 magicas
557 397 683 447 animalia
694 397 807 463 linguas.

93 469 233 518 Deseritur
245 467 384 532 'l'aurique
395 480 498 528 nemus,
510 466 665 533 Perseaque
676 467 788 527 Tarsos,
836 468 885 516 225

93 538 291 602 Coryciumque
303 542 398 601 patens
411 537 499 586 exesis
509 534 620 601 rupibus
633 543 748 601 antrum,

92 606 198 666 Mallos,
212 612 239 655 et
250 612 388 654 extremae
399 615 529 654 resonant
540 605 680 654 navalibus
695 606 799 672 Aegae:

93 676 168 741 itque
181 674 249 724 Cilix
260 674 339 734 iusta,
351 675 405 723 iam
416 688 470 722 non
484 676 581 739 pirata,
594 675 694 723 carina.

91 745 179 793 Merit
191 751 218 793 et
231 744 304 792 Eoos
315 742 448 792 bellorum
458 742 532 793 fama
543 758 677 804 recessus,

93 814 153 873 Qua
164 812 263 862 colitur
275 811 392 878 Ganges,
402 821 464 861 toto
475 814 518 878 qui
530 813 603 862 solus
615 815 642 862 in
654 813 720 864 orbe
835 812 885 862 230

93 882 170 931 Ostia
181 883 302 932 nascenti
314 883 453 930 contraria
462 882 567 932 solrere
578 879 692 932 Phoebo

91 951 187 1009 Audet,
200 957 228 1000 et
239 952 380 1000 adversum
393 949 490 1000 ductus
502 951 616 1016 impellit
626 953 653 1000 in
667 953 780 1000 Eurum:

92 1020 144 1070 Hic
156 1021 202 1070 ubi
212 1020 346 1080 Pellaeus,
358 1029 421 1084 post
432 1017 557 1084 Tethyos
569 1034 697 1085 aequora,
708 1021 806 1071 ductor·

93 1090 228 1149 Constitit,
240 1094 267 1138 et
278 1103 376 1154 magno
388 1088 460 1136 rinei
472 1103 500 1137 se
512 1087 601 1144 fassus
612 1087 645 1137 ab
658 1088 723 1138 urhe
736 1098 785 1138 est.

93 1159 205 1224 Quaque
217 1157 307 1207 ferens
317 1156 441 1221 rapidum
453 1155 537 1206 diriso
550 1157 657 1222 gurgite
668 1156 771 1206 fontem
835 1156 884 1206 235

91 1228 183 1278 Vastis
194 1226 275 1275 lndus
287 1227 362 1290 aquis
374 1226 487 1273 mixtum
499 1239 552 1274 non
564 1226 646 1274 sentit
656 1226 815 1290 Hydaspen.

93 1297 199 1360 Quique
210 1294 307 1342 bibunt
317 1300 413 1342 tenera
423 1293 515 1344 dulces
527 1293 560 1343 ab
573 1294 702 1344 arundine
714 1311 821 1357 succos,

91 1365 129 1413 Et
142 1363 186 1428 qui
197 1363 351 1428 tinguentes
362 1377 461 1412 croceo
472 1362 649 1413 medicamine
662 1364 763 1414 crinem

90 1433 178 1482 Fluxa
190 1431 318 1482 coloratis
328 1431 498 1499 adstringunt
510 1432 624 1482 carbasa
634 1435 755 1499 gemmis.

92 1502 197 1567 Quique
208 1516 272 1551 suas
282 1506 404 1552 struxere
416 1517 507 1567 pyras,
518 1502 623 1569 rivique
635 1502 754 1553 calentes
833 1505 885 1552 240

91 1571 279 1621 Conscendere
285 1586 375 1638 rogos.
382 1598 417 1607 -
424 1571 487 1634 Pro,
497 1578 598 1638 quanta
605 1571 738 1638 estgloria
744 1574 828 1640 genti,

91 1641 217 1691 iniecisse
227 1656 334 1690 manum
345 1640 417 1702 fatis,
429 1643 538 1709 riteque
550 1641 677 1706 repletos,

92 1709 171 1770 Quod
183 1716 315 1775 superest,
328 1709 443 1760 donasse
455 1709 525 1761 deis!
541 1737 568 1744 -
581 1711 688 1760 Venere
700 1711 808 1763 feroces

91 1779 276 1844 Cappadoces,
288 1778 347 1828 duri
358 1779 473 1845 populus
484 1795 555 1829 nunc
567 1780 655 1830 cultor
664 1782 768 1842 Amani,

88 1849 283 1914 Armeniusque
294 1854 389 1898 teneus
399 1848 551 1898 volventem
562 1862 629 1898 saxa
640 1847 790 1916 Niphaten:
832 1848 883 1898 245
936 1894 941 1905 ,

90 1915 208 1968 Aethera
218 1922 361 1982 tangentes
372 1917 452 1966 silvas
464 1917 565 1984 liquere
579 1918 703 1969 Coatrae.

90 1989 218 2053 ignotum
229 1985 315 2044 robis,
325 1985 436 2046 Arabes,
447 1987 558 2036 venistis
568 1987 595 2036 in
606 1987 708 2048 orbem,

89 2054 206 2105 Umbras
217 2054 306 2103 mirati
318 2067 457 2103 nemorum
470 2071 523 2104 non
532 2057 573 2104 ire
584 2056 714 2106 sinistras.

90 2126 160 2173 'l'um
172 2123 248 2173 furor·
260 2128 397 2173 extremos
409 2124 493 2172 morit
504 2123 640 2174 Romanus
652 2125 760 2185 Oretas‚

90 2195 291 2259 Carmanosque
297 2192 389 2253 duces,
402 2206 515 2258 quorum
527 2191 647 2241 deflexus
657 2193 685 2242 in
696 2195 821 2243 Austrum
833 2194 884 2243 250

88 2261 199 2324 Aether,
210 2278 263 2313 non
275 2269 363 2312 totam
374 2262 458 2327 mergi
469 2267 559 2310 tamen
572 2260 689 2325 adspicit
697 2264 810 2324 Arcton,

88 2329 178 2382 Lucet
189 2338 217 2382 et
226 2333 326 2400 exigua
335 2331 414 2381 velox
425 2330 461 2380 ibi
472 2336 553 2380 nocte
564 2330 676 2381 Bootes.

90 2399 405 2467 Aethiopumquesolunn
415 2399 487 2467 quod
494 2399 761 2464 nonpremereturab
769 2400 822 2451 ullu

91 2468 218 2536 Signiferi
229 2473 340 2537 regione
350 2470 414 2536 poli,
427 2470 486 2530 nisi,
498 2469 600 2534 poplite
611 2469 697 2535 lapso,

92 2538 191 2588 Ultima
201 2541 304 2590 curvati
314 2539 476 2606 procederet
486 2537 586 2605 ungula
598 2539 690 2588 Tauri.
831 2540 884 2589 255

92 2607 205 2675 Quaque
218 2616 299 2674 caput
309 2609 403 2676 rapido
415 2608 486 2658 tollit
497 2623 557 2658 cum
569 2606 681 2675 Tigride
692 2623 806 2676 magnus
878 2622 883 2627 ·

88 2675 253 2742 Euphrates,
266 2695 332 2744 quos
344 2694 398 2729 non
409 2678 521 2728 dirersis
533 2676 652 2729 lontibus
664 2677 721 2728 edit

88 2745 189 2809 Persis,
202 2754 229 2797 ct
239 2749 381 2810 incertum,
393 2747 473 2798 tellus
485 2748 508 2798 si
518 2747 745 2866 misceatlpmnes,

660 2819 675 2867 2
