<?xml version="1.0" encoding="UTF-8"?>
<!DOCTYPE html PUBLIC "-//W3C//DTD XHTML 1.0 Transitional//EN"
    "http://www.w3.org/TR/xhtml1/DTD/xhtml1-transitional.dtd">
<html xmlns="http://www.w3.org/1999/xhtml" xml:lang="en" lang="en">
 <head>
  <title>
</title>
<meta http-equiv="Content-Type" content="text/html;charset=utf-8" />
  <meta name='ocr-system' content='tesseract 3.04.00' />
  <meta name='ocr-capabilities' content='ocr_page ocr_carea ocr_par ocr_line ocrx_word'/>
</head>
<body>
  <div class='ocr_page' id='page_1' title='image "./mannaeilucaniph01lucagoog_0154.png"; bbox 0 0 1950 3218; ppageno 0'>
   <div class='ocr_carea' id='block_1_1' title="bbox 175 111 817 203">
    <p class='ocr_par' dir='ltr' id='par_1_1' title="bbox 175 111 817 203">
     <span class='ocr_line' id='line_1_1' title="bbox 175 111 817 203; baseline 0.003 -2"><span class='ocrx_word' id='word_1_1' title='bbox 175 139 687 202; x_wconf 74' lang='lat' dir='ltr'><strong>PHARsnula.Lra.v11.</strong></span> <span class='ocrx_word' id='word_1_2' title='bbox 753 111 817 203; x_wconf 29' lang='grc'>145.</span> 
     </span>
    </p>
   </div>
   <div class='ocr_carea' id='block_1_2' title="bbox 60 269 885 2824">
    <p class='ocr_par' dir='ltr' id='par_1_2' title="bbox 60 269 734 333">
     <span class='ocr_line' id='line_1_2' title="bbox 60 269 734 333; baseline -0.001 -10"><span class='ocrx_word' id='word_1_3' title='bbox 60 273 127 330; x_wconf 74' lang='lat' dir='ltr'><strong>Non</strong></span> <span class='ocrx_word' id='word_1_4' title='bbox 137 276 231 321; x_wconf 79' lang='lat' dir='ltr'><strong>taurea</strong></span> <span class='ocrx_word' id='word_1_5' title='bbox 243 269 374 320; x_wconf 82' lang='lat' dir='ltr'>abstinuit</span> <span class='ocrx_word' id='word_1_6' title='bbox 382 272 513 317; x_wconf 81' lang='lat' dir='ltr'><strong>venturos</strong></span> <span class='ocrx_word' id='word_1_7' title='bbox 525 269 641 333; x_wconf 79' lang='lat' dir='ltr'><strong>prodere</strong></span> <span class='ocrx_word' id='word_1_8' title='bbox 655 285 734 322; x_wconf 84' lang='lat' dir='ltr'><strong>casus</strong></span> 
     </span>
    </p>

    <p class='ocr_par' dir='ltr' id='par_1_3' title="bbox 63 335 769 395">
     <span class='ocr_line' id='line_1_3' title="bbox 63 335 769 395; baseline -0.007 -1"><span class='ocrx_word' id='word_1_9' title='bbox 63 344 120 395; x_wconf 90' lang='lat' dir='ltr'><strong>Per</strong></span> <span class='ocrx_word' id='word_1_10' title='bbox 129 341 219 391; x_wconf 82' lang='lat' dir='ltr'><strong>varias</strong></span> <span class='ocrx_word' id='word_1_11' title='bbox 230 340 353 390; x_wconf 86' lang='lat' dir='ltr'><strong>Fortuna</strong></span> <span class='ocrx_word' id='word_1_12' title='bbox 363 346 451 387; x_wconf 88' lang='lat' dir='ltr'><strong>notas.</strong></span> <span class='ocrx_word' id='word_1_13' title='bbox 479 335 549 386; x_wconf 87' lang='lat' dir='ltr'><strong>Nam</strong></span> <span class='ocrx_word' id='word_1_14' title='bbox 561 335 695 388; x_wconf 91' lang='lat' dir='ltr'><strong>Thessala</strong></span> <span class='ocrx_word' id='word_1_15' title='bbox 705 354 769 389; x_wconf 85' lang='lat' dir='ltr'><strong>rura</strong></span> 
     </span>
    </p>

    <p class='ocr_par' dir='ltr' id='par_1_4' title="bbox 63 406 866 822">
     <span class='ocr_line' id='line_1_4' title="bbox 63 406 789 476; baseline -0.006 -14"><span class='ocrx_word' id='word_1_16' title='bbox 63 415 133 464; x_wconf 80' lang='lat' dir='ltr'><strong>cum</strong></span> <span class='ocrx_word' id='word_1_17' title='bbox 145 415 280 476; x_wconf 88' lang='lat' dir='ltr'><strong>peterent,</strong></span> <span class='ocrx_word' id='word_1_18' title='bbox 292 415 367 458; x_wconf 90' lang='lat' dir='ltr'><strong>totus</strong></span> <span class='ocrx_word' id='word_1_19' title='bbox 380 406 549 456; x_wconf 87' lang='lat' dir='ltr'><strong>venientibus</strong></span> <span class='ocrx_word' id='word_1_20' title='bbox 561 406 668 457; x_wconf 90' lang='lat' dir='ltr'><strong>obstitit</strong></span> <span class='ocrx_word' id='word_1_21' title='bbox 680 406 789 458; x_wconf 88' lang='lat' dir='ltr'><strong>aether·</strong></span> 
     </span>
     <span class='ocr_line' id='line_1_5' title="bbox 67 475 803 548; baseline -0.007 -16"><span class='ocrx_word' id='word_1_22' title='bbox 67 480 165 548; x_wconf 86' lang='lat' dir='ltr'><strong>[laque</strong></span> <span class='ocrx_word' id='word_1_23' title='bbox 178 476 408 528; x_wconf 88' lang='lat' dir='ltr'><strong>oculishominum</strong></span> <span class='ocrx_word' id='word_1_24' title='bbox 416 475 557 542; x_wconf 88' lang='lat' dir='ltr'><strong>fregerunt</strong></span> <span class='ocrx_word' id='word_1_25' title='bbox 567 475 680 526; x_wconf 84' lang='lat' dir='ltr'><strong>fulmina</strong></span> <span class='ocrx_word' id='word_1_26' title='bbox 690 477 775 527; x_wconf 87' lang='lat' dir='ltr'><strong>nubes</strong></span> <span class='ocrx_word' id='word_1_27' title='bbox 783 477 803 545; x_wconf 95' lang='lat'><strong>:]</strong></span> 
     </span>
     <span class='ocr_line' id='line_1_6' title="bbox 65 546 866 614; baseline -0.005 -13"><span class='ocrx_word' id='word_1_28' title='bbox 65 551 255 614; x_wconf 70' lang='lat' dir='ltr'><strong>Adversasque</strong></span> <span class='ocrx_word' id='word_1_29' title='bbox 267 546 352 608; x_wconf 88' lang='lat' dir='ltr'><strong>faces,</strong></span> <span class='ocrx_word' id='word_1_30' title='bbox 365 547 551 612; x_wconf 87' lang='lat' dir='ltr'><strong>immensoque</strong></span> <span class='ocrx_word' id='word_1_31' title='bbox 561 547 624 612; x_wconf 83' lang='lat' dir='ltr'>igne</span> <span class='ocrx_word' id='word_1_32' title='bbox 635 546 784 609; x_wconf 90' lang='lat' dir='ltr'><strong>columnas,</strong></span> <span class='ocrx_word' id='word_1_33' title='bbox 816 549 866 598; x_wconf 93' lang='grc'><strong>155</strong></span> 
     </span>
     <span class='ocr_line' id='line_1_7' title="bbox 66 613 744 684; baseline -0.009 -13"><span class='ocrx_word' id='word_1_34' title='bbox 66 622 104 671; x_wconf 84' lang='lat' dir='ltr'><strong>Et</strong></span> <span class='ocrx_word' id='word_1_35' title='bbox 115 618 239 670; x_wconf 84' lang='lat' dir='ltr'>trabibus</span> <span class='ocrx_word' id='word_1_36' title='bbox 250 617 342 666; x_wconf 79' lang='lat' dir='ltr'><strong>mixtis</strong></span> <span class='ocrx_word' id='word_1_37' title='bbox 353 613 600 684; x_wconf 84' lang='lat' dir='ltr'><strong>avidosTyphonas</strong></span> <span class='ocrx_word' id='word_1_38' title='bbox 613 630 744 682; x_wconf 88' lang='lat' dir='ltr'><strong>aquarum</strong></span> 
     </span>
     <span class='ocr_line' id='line_1_8' title="bbox 66 683 751 753; baseline -0.006 -14"><span class='ocrx_word' id='word_1_39' title='bbox 66 689 181 750; x_wconf 85' lang='lat' dir='ltr'><strong>Detulit,</strong></span> <span class='ocrx_word' id='word_1_40' title='bbox 194 693 275 753; x_wconf 89' lang='lat' dir='ltr'><strong>atque</strong></span> <span class='ocrx_word' id='word_1_41' title='bbox 288 684 391 745; x_wconf 89' lang='lat' dir='ltr'><strong>oculos,</strong></span> <span class='ocrx_word' id='word_1_42' title='bbox 402 686 510 750; x_wconf 85' lang='lat' dir='ltr'><strong>ingesto</strong></span> <span class='ocrx_word' id='word_1_43' title='bbox 521 683 632 747; x_wconf 85' lang='lat' dir='ltr'><strong>sulfure,</strong></span> <span class='ocrx_word' id='word_1_44' title='bbox 645 686 751 736; x_wconf 88' lang='lat' dir='ltr'><strong>clausit.</strong></span> 
     </span>
     <span class='ocr_line' id='line_1_9' title="bbox 66 753 695 822; baseline -0.005 -13"><span class='ocrx_word' id='word_1_45' title='bbox 66 758 197 810; x_wconf 84' lang='lat' dir='ltr'><strong>Excussit</strong></span> <span class='ocrx_word' id='word_1_46' title='bbox 208 758 305 806; x_wconf 87' lang='lat' dir='ltr'><strong>cristas</strong></span> <span class='ocrx_word' id='word_1_47' title='bbox 316 754 410 822; x_wconf 87' lang='lat' dir='ltr'><strong>galeis,</strong></span> <span class='ocrx_word' id='word_1_48' title='bbox 417 753 587 821; x_wconf 87' lang='lat' dir='ltr'><strong>capulosque</strong></span> <span class='ocrx_word' id='word_1_49' title='bbox 598 755 695 806; x_wconf 88' lang='lat' dir='ltr'><strong>solutis</strong></span> 
     </span>
    </p>

    <p class='ocr_par' dir='ltr' id='par_1_5' title="bbox 65 823 867 1030">
     <span class='ocr_line' id='line_1_10' title="bbox 65 823 669 892; baseline -0.005 -14"><span class='ocrx_word' id='word_1_50' title='bbox 65 826 193 879; x_wconf 82' lang='lat' dir='ltr'><strong>Perfudit</strong></span> <span class='ocrx_word' id='word_1_51' title='bbox 203 826 309 892; x_wconf 83' lang='lat' dir='ltr'><strong>gladiis,</strong></span> <span class='ocrx_word' id='word_1_52' title='bbox 323 829 472 890; x_wconf 86' lang='lat' dir='ltr'><strong>ereptaque</strong></span> <span class='ocrx_word' id='word_1_53' title='bbox 483 823 537 888; x_wconf 93' lang='lat' dir='ltr'><strong>pila</strong></span> <span class='ocrx_word' id='word_1_54' title='bbox 548 823 669 890; x_wconf 84' lang='lat' dir='ltr'><strong>liquavit,</strong></span> 
     </span>
     <span class='ocr_line' id='line_1_11' title="bbox 65 892 867 961; baseline -0.004 -15"><span class='ocrx_word' id='word_1_55' title='bbox 65 895 256 961; x_wconf 78' lang='lat' dir='ltr'><strong>Aethereoque</strong></span> <span class='ocrx_word' id='word_1_56' title='bbox 266 909 369 945; x_wconf 85' lang='lat' dir='ltr'><strong>nocens</strong></span> <span class='ocrx_word' id='word_1_57' title='bbox 381 892 496 942; x_wconf 80' lang='lat' dir='ltr'><strong>fumavit</strong></span> <span class='ocrx_word' id='word_1_58' title='bbox 506 892 608 944; x_wconf 92' lang='lat' dir='ltr'><strong>sulfure</strong></span> <span class='ocrx_word' id='word_1_59' title='bbox 619 894 730 945; x_wconf 88' lang='lat' dir='ltr'><strong>ferrum.</strong></span> <span class='ocrx_word' id='word_1_60' title='bbox 815 894 867 944; x_wconf 77' lang='grc'>161]</span> 
     </span>
     <span class='ocr_line' id='line_1_12' title="bbox 65 963 723 1030; baseline -0.005 -13"><span class='ocrx_word' id='word_1_61' title='bbox 65 965 126 1018; x_wconf 89' lang='lat' dir='ltr'><strong>Nec</strong></span> <span class='ocrx_word' id='word_1_62' title='bbox 138 981 192 1015; x_wconf 93' lang='lat' dir='ltr'><strong>non</strong></span> <span class='ocrx_word' id='word_1_63' title='bbox 203 966 345 1014; x_wconf 90' lang='lat' dir='ltr'><strong>innumero</strong></span> <span class='ocrx_word' id='word_1_64' title='bbox 357 966 491 1027; x_wconf 86' lang='lat' dir='ltr'><strong>cooperta</strong></span> <span class='ocrx_word' id='word_1_65' title='bbox 502 963 625 1013; x_wconf 83' lang='lat' dir='ltr'><strong>examine</strong></span> <span class='ocrx_word' id='word_1_66' title='bbox 637 965 723 1030; x_wconf 85' lang='lat' dir='ltr'><strong>signo,</strong></span> 
     </span>
    </p>

    <p class='ocr_par' dir='ltr' id='par_1_6' title="bbox 65 1031 753 1172">
     <span class='ocr_line' id='line_1_13' title="bbox 65 1031 753 1102; baseline -0.01 -14"><span class='ocrx_word' id='word_1_67' title='bbox 65 1037 176 1102; x_wconf 82' lang='lat' dir='ltr'><strong>Vixque</strong></span> <span class='ocrx_word' id='word_1_68' title='bbox 188 1034 296 1084; x_wconf 86' lang='lat' dir='ltr'><strong>revulsa</strong></span> <span class='ocrx_word' id='word_1_69' title='bbox 307 1032 376 1093; x_wconf 89' lang='lat' dir='ltr'><strong>solo,</strong></span> <span class='ocrx_word' id='word_1_70' title='bbox 389 1031 487 1080; x_wconf 88' lang='lat' dir='ltr'><strong>maiori</strong></span> <span class='ocrx_word' id='word_1_71' title='bbox 497 1031 618 1095; x_wconf 86' lang='lat' dir='ltr'><strong>pondere</strong></span> <span class='ocrx_word' id='word_1_72' title='bbox 630 1047 753 1097; x_wconf 84' lang='lat' dir='ltr'><strong>pressum</strong></span> 
     </span>
     <span class='ocr_line' id='line_1_14' title="bbox 66 1098 650 1172; baseline -0.014 -16"><span class='ocrx_word' id='word_1_73' title='bbox 66 1103 197 1172; x_wconf 84' lang='lat' dir='ltr'><strong>Signiferi</strong></span> <span class='ocrx_word' id='word_1_74' title='bbox 207 1117 326 1152; x_wconf 78' lang='lat' dir='ltr'><strong>mersere</strong></span> <span class='ocrx_word' id='word_1_75' title='bbox 339 1106 430 1166; x_wconf 87' lang='lat' dir='ltr'><strong>caput,</strong></span> <span class='ocrx_word' id='word_1_76' title='bbox 442 1099 565 1149; x_wconf 91' lang='lat' dir='ltr'><strong>rorantia</strong></span> <span class='ocrx_word' id='word_1_77' title='bbox 575 1098 650 1160; x_wconf 86' lang='lat' dir='ltr'><strong>fletu,</strong></span> 
     </span>
    </p>

    <p class='ocr_par' dir='ltr' id='par_1_7' title="bbox 64 1169 867 1445">
     <span class='ocr_line' id='line_1_15' title="bbox 66 1169 781 1241; baseline -0.008 -16"><span class='ocrx_word' id='word_1_78' title='bbox 66 1177 159 1241; x_wconf 90' lang='lat' dir='ltr'><strong>Usque</strong></span> <span class='ocrx_word' id='word_1_79' title='bbox 172 1173 205 1222; x_wconf 93' lang='lat' dir='ltr'><strong>ad</strong></span> <span class='ocrx_word' id='word_1_80' title='bbox 220 1169 392 1220; x_wconf 87' lang='lat' dir='ltr'><strong>Thessaliam</strong></span> <span class='ocrx_word' id='word_1_81' title='bbox 401 1169 527 1219; x_wconf 85' lang='lat' dir='ltr'><strong>Romana</strong></span> <span class='ocrx_word' id='word_1_82' title='bbox 537 1175 566 1218; x_wconf 89' lang='lat' dir='ltr'><strong>et</strong></span> <span class='ocrx_word' id='word_1_83' title='bbox 576 1169 686 1234; x_wconf 84' lang='lat' dir='ltr'><strong>publice</strong></span> <span class='ocrx_word' id='word_1_84' title='bbox 696 1171 781 1237; x_wconf 87' lang='lat' dir='ltr'><strong>signa.</strong></span> 
     </span>
     <span class='ocr_line' id='line_1_16' title="bbox 65 1236 867 1304; baseline -0.007 -10"><span class='ocrx_word' id='word_1_85' title='bbox 65 1244 201 1294; x_wconf 82' lang='lat' dir='ltr'><strong>Admotus</strong></span> <span class='ocrx_word' id='word_1_86' title='bbox 213 1240 318 1303; x_wconf 86' lang='lat' dir='ltr'><strong>superis</strong></span> <span class='ocrx_word' id='word_1_87' title='bbox 330 1239 454 1288; x_wconf 86' lang='lat' dir='ltr'><strong>discussa</strong></span> <span class='ocrx_word' id='word_1_88' title='bbox 464 1236 535 1304; x_wconf 85' lang='lat' dir='ltr'><strong>fugit</strong></span> <span class='ocrx_word' id='word_1_89' title='bbox 547 1237 579 1287; x_wconf 90' lang='lat' dir='ltr'><strong>ab</strong></span> <span class='ocrx_word' id='word_1_90' title='bbox 594 1253 643 1288; x_wconf 91' lang='lat' dir='ltr'><strong>ara</strong></span> <span class='ocrx_word' id='word_1_91' title='bbox 817 1238 867 1288; x_wconf 83' lang='grc'><strong>165</strong></span> 
     </span>
     <span class='ocr_line' id='line_1_17' title="bbox 66 1305 788 1376; baseline -0.006 -14"><span class='ocrx_word' id='word_1_92' title='bbox 66 1315 188 1369; x_wconf 66' lang='lat' dir='ltr'><strong>&#39;faurus</strong></span> <span class='ocrx_word' id='word_1_93' title='bbox 201 1316 228 1357; x_wconf 90' lang='lat' dir='ltr'><strong>et</strong></span> <span class='ocrx_word' id='word_1_94' title='bbox 240 1305 381 1357; x_wconf 85' lang='lat' dir='ltr'><strong>Emathios</strong></span> <span class='ocrx_word' id='word_1_95' title='bbox 393 1323 526 1373; x_wconf 89' lang='lat' dir='ltr'><strong>praeceps</strong></span> <span class='ocrx_word' id='word_1_96' title='bbox 539 1322 568 1356; x_wconf 90' lang='lat' dir='ltr'><strong>se</strong></span> <span class='ocrx_word' id='word_1_97' title='bbox 578 1308 644 1357; x_wconf 90' lang='lat' dir='ltr'><strong>iecit</strong></span> <span class='ocrx_word' id='word_1_98' title='bbox 653 1309 681 1358; x_wconf 88' lang='lat' dir='ltr'><strong>in</strong></span> <span class='ocrx_word' id='word_1_99' title='bbox 693 1323 788 1376; x_wconf 77' lang='lat' dir='ltr'><strong>agros3</strong></span> 
     </span>
     <span class='ocr_line' id='line_1_18' title="bbox 64 1376 728 1445; baseline -0.006 -14"><span class='ocrx_word' id='word_1_100' title='bbox 64 1380 205 1445; x_wconf 70' lang='lat' dir='ltr'><strong>Nullaque</strong></span> <span class='ocrx_word' id='word_1_101' title='bbox 216 1376 330 1426; x_wconf 86' lang='lat' dir='ltr'><strong>funestis</strong></span> <span class='ocrx_word' id='word_1_102' title='bbox 340 1376 451 1427; x_wconf 90' lang='lat' dir='ltr'><strong>inventa</strong></span> <span class='ocrx_word' id='word_1_103' title='bbox 462 1382 504 1427; x_wconf 92' lang='lat' dir='ltr'><strong>est</strong></span> <span class='ocrx_word' id='word_1_104' title='bbox 514 1377 626 1427; x_wconf 81' lang='lat' dir='ltr'><strong>victima</strong></span> <span class='ocrx_word' id='word_1_105' title='bbox 635 1379 728 1428; x_wconf 88' lang='lat' dir='ltr'><strong>sacris.</strong></span> 
     </span>
    </p>

    <p class='ocr_par' dir='ltr' id='par_1_8' title="bbox 65 1444 868 1930">
     <span class='ocr_line' id='line_1_19' title="bbox 120 1444 807 1514; baseline -0.003 -15"><span class='ocrx_word' id='word_1_106' title='bbox 120 1451 200 1509; x_wconf 81' lang='lat' dir='ltr'><strong>Atto,</strong></span> <span class='ocrx_word' id='word_1_107' title='bbox 208 1446 414 1514; x_wconf 90' lang='lat' dir='ltr'><strong>quosscelerum</strong></span> <span class='ocrx_word' id='word_1_108' title='bbox 422 1444 554 1512; x_wconf 74' lang='lat' dir='ltr'><strong>superosl</strong></span> <span class='ocrx_word' id='word_1_109' title='bbox 566 1463 633 1514; x_wconf 86' lang='lat' dir='ltr'><strong>quas</strong></span> <span class='ocrx_word' id='word_1_110' title='bbox 641 1448 693 1498; x_wconf 84' lang='lat' dir='ltr'><strong>rite</strong></span> <span class='ocrx_word' id='word_1_111' title='bbox 701 1447 807 1498; x_wconf 87' lang='lat' dir='ltr'><strong>vocasti</strong></span> 
     </span>
     <span class='ocr_line' id='line_1_20' title="bbox 66 1513 780 1585; baseline -0.007 -12"><span class='ocrx_word' id='word_1_112' title='bbox 66 1518 244 1578; x_wconf 87' lang='lat' dir='ltr'><strong>Eumenidas,</strong></span> <span class='ocrx_word' id='word_1_113' title='bbox 258 1513 375 1566; x_wconf 68' lang='lat' dir='ltr'><strong>Caesari</strong></span> <span class='ocrx_word' id='word_1_114' title='bbox 393 1514 484 1584; x_wconf 82' lang='lat' dir='ltr'><strong>Stygii</strong></span> <span class='ocrx_word' id='word_1_115' title='bbox 496 1531 565 1584; x_wconf 89' lang='lat' dir='ltr'><strong>quae</strong></span> <span class='ocrx_word' id='word_1_116' title='bbox 575 1518 685 1568; x_wconf 91' lang='lat' dir='ltr'><strong>numina</strong></span> <span class='ocrx_word' id='word_1_117' title='bbox 695 1520 780 1585; x_wconf 83' lang='lat' dir='ltr'><strong>regni,</strong></span> 
     </span>
     <span class='ocr_line' id='line_1_21' title="bbox 65 1584 868 1654; baseline -0.006 -12"><span class='ocrx_word' id='word_1_118' title='bbox 65 1589 260 1654; x_wconf 88' lang='lat' dir='ltr'><strong>Infemumque</strong></span> <span class='ocrx_word' id='word_1_119' title='bbox 272 1584 358 1648; x_wconf 87' lang='lat' dir='ltr'><strong>nefas,</strong></span> <span class='ocrx_word' id='word_1_120' title='bbox 370 1592 397 1636; x_wconf 91' lang='lat' dir='ltr'><strong>et</strong></span> <span class='ocrx_word' id='word_1_121' title='bbox 407 1602 512 1637; x_wconf 86' lang='lat' dir='ltr'><strong>mersos</strong></span> <span class='ocrx_word' id='word_1_122' title='bbox 523 1594 606 1638; x_wconf 87' lang='lat' dir='ltr'><strong>nocte</strong></span> <span class='ocrx_word' id='word_1_123' title='bbox 616 1587 741 1639; x_wconf 64' lang='lat' dir='ltr'><strong>furores?</strong></span> <span class='ocrx_word' id='word_1_124' title='bbox 817 1589 868 1638; x_wconf 75' lang='lat' dir='ltr'><strong>lto</strong></span> 
     </span>
     <span class='ocr_line' id='line_1_22' title="bbox 66 1656 646 1724; baseline -0.002 -15"><span class='ocrx_word' id='word_1_125' title='bbox 66 1660 156 1724; x_wconf 86' lang='lat' dir='ltr'><strong>Impia</strong></span> <span class='ocrx_word' id='word_1_126' title='bbox 166 1663 223 1706; x_wconf 86' lang='lat' dir='ltr'><strong>tarn</strong></span> <span class='ocrx_word' id='word_1_127' title='bbox 234 1671 315 1706; x_wconf 86' lang='lat' dir='ltr'><strong>saeve</strong></span> <span class='ocrx_word' id='word_1_128' title='bbox 326 1662 452 1723; x_wconf 87' lang='lat' dir='ltr'><strong>gesturus</strong></span> <span class='ocrx_word' id='word_1_129' title='bbox 463 1656 535 1706; x_wconf 92' lang='lat' dir='ltr'><strong>bella</strong></span> <span class='ocrx_word' id='word_1_130' title='bbox 545 1656 646 1708; x_wconf 79' lang='lat' dir='ltr'><strong>litastil</strong></span> 
     </span>
     <span class='ocr_line' id='line_1_23' title="bbox 67 1726 773 1793; baseline -0.006 -11"><span class='ocrx_word' id='word_1_131' title='bbox 67 1730 127 1782; x_wconf 87' lang='lat' dir='ltr'><strong>lam</strong></span> <span class='ocrx_word' id='word_1_132' title='bbox 138 1727 258 1788; x_wconf 88' lang='lat' dir='ltr'><strong>dubium,</strong></span> <span class='ocrx_word' id='word_1_133' title='bbox 270 1727 433 1776; x_wconf 84' lang='lat' dir='ltr'><strong>monstrisne</strong></span> <span class='ocrx_word' id='word_1_134' title='bbox 444 1726 534 1787; x_wconf 89' lang='lat' dir='ltr'><strong>deum,</strong></span> <span class='ocrx_word' id='word_1_135' title='bbox 546 1728 668 1778; x_wconf 88' lang='lat' dir='ltr'><strong>nimione</strong></span> <span class='ocrx_word' id='word_1_136' title='bbox 679 1730 773 1793; x_wconf 84' lang='lat' dir='ltr'><strong>pavori</strong></span> 
     </span>
     <span class='ocr_line' id='line_1_24' title="bbox 69 1795 760 1862; baseline -0.006 -13"><span class='ocrx_word' id='word_1_137' title='bbox 69 1797 256 1850; x_wconf 80' lang='lat' dir='ltr'><strong>crediderint:</strong></span> <span class='ocrx_word' id='word_1_138' title='bbox 275 1795 366 1845; x_wconf 90' lang='lat' dir='ltr'><strong>multis</strong></span> <span class='ocrx_word' id='word_1_139' title='bbox 380 1810 543 1846; x_wconf 87' lang='lat' dir='ltr'><strong>concurrere</strong></span> <span class='ocrx_word' id='word_1_140' title='bbox 555 1800 628 1847; x_wconf 83' lang='lat' dir='ltr'><strong>visus</strong></span> <span class='ocrx_word' id='word_1_141' title='bbox 641 1796 760 1862; x_wconf 88' lang='lat' dir='ltr'><strong>Olympo</strong></span> 
     </span>
     <span class='ocr_line' id='line_1_25' title="bbox 68 1864 751 1930; baseline -0.007 -11"><span class='ocrx_word' id='word_1_142' title='bbox 68 1867 182 1928; x_wconf 87' lang='lat' dir='ltr'><strong>Pindus,</strong></span> <span class='ocrx_word' id='word_1_143' title='bbox 196 1871 224 1915; x_wconf 85' lang='lat' dir='ltr'><strong>et</strong></span> <span class='ocrx_word' id='word_1_144' title='bbox 234 1864 357 1929; x_wconf 86' lang='lat' dir='ltr'><strong>abruptis</strong></span> <span class='ocrx_word' id='word_1_145' title='bbox 368 1866 453 1930; x_wconf 88' lang='lat' dir='ltr'><strong>mergi</strong></span> <span class='ocrx_word' id='word_1_146' title='bbox 465 1866 632 1916; x_wconf 86' lang='lat' dir='ltr'><strong>convallibus</strong></span> <span class='ocrx_word' id='word_1_147' title='bbox 643 1868 751 1927; x_wconf 77' lang='lat' dir='ltr'><strong>Aemus,</strong></span> 
     </span>
    </p>

    <p class='ocr_par' dir='ltr' id='par_1_9' title="bbox 68 1933 885 2824">
     <span class='ocr_line' id='line_1_26' title="bbox 69 1933 871 1997; baseline -0.006 -10"><span class='ocrx_word' id='word_1_148' title='bbox 69 1937 163 1988; x_wconf 85' lang='lat' dir='ltr'><strong>Edere</strong></span> <span class='ocrx_word' id='word_1_149' title='bbox 173 1940 321 1984; x_wconf 87' lang='lat' dir='ltr'><strong>nocturnas</strong></span> <span class='ocrx_word' id='word_1_150' title='bbox 333 1933 397 1983; x_wconf 92' lang='lat' dir='ltr'><strong>belli</strong></span> <span class='ocrx_word' id='word_1_151' title='bbox 407 1933 550 1984; x_wconf 86' lang='lat' dir='ltr'><strong>Pharsalia</strong></span> <span class='ocrx_word' id='word_1_152' title='bbox 561 1951 653 1997; x_wconf 83' lang='lat' dir='ltr'><strong>voces,</strong></span> <span class='ocrx_word' id='word_1_153' title='bbox 821 1935 871 1983; x_wconf 75' lang='grc'><strong>115</strong></span> 
     </span>
     <span class='ocr_line' id='line_1_27' title="bbox 71 2002 730 2071; baseline -0.006 -14"><span class='ocrx_word' id='word_1_154' title='bbox 71 2007 115 2058; x_wconf 87' lang='lat' dir='ltr'><strong>lre</strong></span> <span class='ocrx_word' id='word_1_155' title='bbox 126 2020 176 2071; x_wconf 88' lang='lat' dir='ltr'><strong>per</strong></span> <span class='ocrx_word' id='word_1_156' title='bbox 189 2005 322 2054; x_wconf 86' lang='lat' dir='ltr'><strong>Ossaeam</strong></span> <span class='ocrx_word' id='word_1_157' title='bbox 332 2002 444 2067; x_wconf 86' lang='lat' dir='ltr'><strong>rapidus</strong></span> <span class='ocrx_word' id='word_1_158' title='bbox 455 2002 596 2054; x_wconf 84' lang='lat' dir='ltr'><strong>Boebeida</strong></span> <span class='ocrx_word' id='word_1_159' title='bbox 606 2007 730 2071; x_wconf 84' lang='lat' dir='ltr'><strong>sanguis:</strong></span> 
     </span>
     <span class='ocr_line' id='line_1_28' title="bbox 70 2070 761 2141; baseline -0.009 -14"><span class='ocrx_word' id='word_1_160' title='bbox 70 2078 157 2141; x_wconf 88' lang='lat' dir='ltr'><strong>lnque</strong></span> <span class='ocrx_word' id='word_1_161' title='bbox 168 2075 255 2124; x_wconf 83' lang='lat' dir='ltr'><strong>ricem</strong></span> <span class='ocrx_word' id='word_1_162' title='bbox 264 2071 355 2122; x_wconf 71' lang='lat' dir='ltr'><strong>vultus</strong></span> <span class='ocrx_word' id='word_1_163' title='bbox 366 2070 485 2120; x_wconf 86' lang='lat' dir='ltr'><strong>tenebris</strong></span> <span class='ocrx_word' id='word_1_164' title='bbox 497 2073 630 2122; x_wconf 88' lang='lat' dir='ltr'><strong>mirantur</strong></span> <span class='ocrx_word' id='word_1_165' title='bbox 640 2078 761 2137; x_wconf 86' lang='lat' dir='ltr'><strong>opertos,</strong></span> 
     </span>
     <span class='ocr_line' id='line_1_29' title="bbox 70 2140 768 2210; baseline -0.009 -14"><span class='ocrx_word' id='word_1_166' title='bbox 70 2147 109 2196; x_wconf 85' lang='lat' dir='ltr'><strong>Et</strong></span> <span class='ocrx_word' id='word_1_167' title='bbox 121 2144 224 2210; x_wconf 89' lang='lat' dir='ltr'><strong>pallere</strong></span> <span class='ocrx_word' id='word_1_168' title='bbox 237 2143 317 2204; x_wconf 91' lang='lat' dir='ltr'><strong>diem,</strong></span> <span class='ocrx_word' id='word_1_169' title='bbox 328 2140 468 2207; x_wconf 85' lang='lat' dir='ltr'><strong>galeisque</strong></span> <span class='ocrx_word' id='word_1_170' title='bbox 478 2142 636 2190; x_wconf 84' lang='lat' dir='ltr'><strong>incumbere</strong></span> <span class='ocrx_word' id='word_1_171' title='bbox 649 2146 768 2201; x_wconf 88' lang='lat' dir='ltr'><strong>noctem,</strong></span> 
     </span>
     <span class='ocr_line' id='line_1_30' title="bbox 68 2210 812 2279; baseline -0.008 -15"><span class='ocrx_word' id='word_1_172' title='bbox 68 2213 280 2279; x_wconf 80' lang='lat' dir='ltr'><strong>Defunctosque</strong></span> <span class='ocrx_word' id='word_1_173' title='bbox 292 2216 394 2276; x_wconf 88' lang='lat' dir='ltr'><strong>patres,</strong></span> <span class='ocrx_word' id='word_1_174' title='bbox 407 2217 435 2258; x_wconf 90' lang='lat' dir='ltr'><strong>et</strong></span> <span class='ocrx_word' id='word_1_175' title='bbox 442 2210 698 2276; x_wconf 88' lang='lat' dir='ltr'><strong>cunctassanguinis</strong></span> <span class='ocrx_word' id='word_1_176' title='bbox 704 2211 812 2260; x_wconf 85' lang='lat' dir='ltr'><strong>umbras</strong></span> 
     </span>
     <span class='ocr_line' id='line_1_31' title="bbox 71 2277 885 2336; baseline -0.009 -1"><span class='ocrx_word' id='word_1_177' title='bbox 71 2287 142 2336; x_wconf 79' lang='lat' dir='ltr'><strong>Ante</strong></span> <span class='ocrx_word' id='word_1_178' title='bbox 154 2283 249 2332; x_wconf 89' lang='lat' dir='ltr'><strong>oculos</strong></span> <span class='ocrx_word' id='word_1_179' title='bbox 259 2280 376 2331; x_wconf 83' lang='lat' dir='ltr'><strong>volitare</strong></span> <span class='ocrx_word' id='word_1_180' title='bbox 388 2295 460 2330; x_wconf 88' lang='lat' dir='ltr'><strong>suos.</strong></span> <span class='ocrx_word' id='word_1_181' title='bbox 493 2277 547 2328; x_wconf 87' lang='lat' dir='ltr'><strong>Sed</strong></span> <span class='ocrx_word' id='word_1_182' title='bbox 558 2279 693 2330; x_wconf 89' lang='lat' dir='ltr'><strong>mentibus</strong></span> <span class='ocrx_word' id='word_1_183' title='bbox 704 2295 787 2329; x_wconf 93' lang='lat' dir='ltr'><strong>unum</strong></span> <span class='ocrx_word' id='word_1_184' title='bbox 824 2281 885 2335; x_wconf 74' lang='lat' dir='ltr'><strong>tao</strong></span> 
     </span>
     <span class='ocr_line' id='line_1_32' title="bbox 71 2348 714 2416; baseline -0.008 -12"><span class='ocrx_word' id='word_1_185' title='bbox 71 2354 136 2405; x_wconf 85' lang='lat' dir='ltr'><strong>Hoc</strong></span> <span class='ocrx_word' id='word_1_186' title='bbox 148 2352 269 2402; x_wconf 88' lang='lat' dir='ltr'><strong>solamen</strong></span> <span class='ocrx_word' id='word_1_187' title='bbox 281 2356 349 2412; x_wconf 87' lang='lat' dir='ltr'><strong>erat,</strong></span> <span class='ocrx_word' id='word_1_188' title='bbox 362 2349 435 2416; x_wconf 86' lang='lat' dir='ltr'><strong>quod</strong></span> <span class='ocrx_word' id='word_1_189' title='bbox 446 2348 501 2398; x_wconf 77' lang='lat' dir='ltr'><strong>voti</strong></span> <span class='ocrx_word' id='word_1_190' title='bbox 512 2350 594 2399; x_wconf 89' lang='lat' dir='ltr'><strong>turba</strong></span> <span class='ocrx_word' id='word_1_191' title='bbox 603 2348 714 2399; x_wconf 86' lang='lat' dir='ltr'><strong>nefandi</strong></span> 
     </span>
     <span class='ocr_line' id='line_1_33' title="bbox 73 2418 821 2488; baseline -0.008 -14"><span class='ocrx_word' id='word_1_192' title='bbox 73 2418 821 2488; x_wconf 83' lang='lat' dir='ltr'><strong>Conscia‚quaepatrunriugulos,quaepectorafratrum</strong></span> 
     </span>
     <span class='ocr_line' id='line_1_34' title="bbox 73 2488 774 2560; baseline -0.009 -16"><span class='ocrx_word' id='word_1_193' title='bbox 73 2492 220 2560; x_wconf 86' lang='lat' dir='ltr'><strong>Sperabat,</strong></span> <span class='ocrx_word' id='word_1_194' title='bbox 232 2490 335 2558; x_wconf 86' lang='lat' dir='ltr'><strong>gaudet</strong></span> <span class='ocrx_word' id='word_1_195' title='bbox 345 2488 474 2538; x_wconf 86' lang='lat' dir='ltr'><strong>monstris</strong></span> <span class='ocrx_word' id='word_1_196' title='bbox 485 2491 637 2557; x_wconf 88' lang='lat' dir='ltr'><strong>mentisque</strong></span> <span class='ocrx_word' id='word_1_197' title='bbox 648 2488 774 2547; x_wconf 90' lang='lat' dir='ltr'><strong>tumultu,</strong></span> 
     </span>
     <span class='ocr_line' id='line_1_35' title="bbox 71 2557 807 2630; baseline -0.01 -15"><span class='ocrx_word' id='word_1_198' title='bbox 71 2565 162 2630; x_wconf 77' lang='lat' dir='ltr'><strong>Atque</strong></span> <span class='ocrx_word' id='word_1_199' title='bbox 179 2576 258 2611; x_wconf 88' lang='lat' dir='ltr'><strong>omen</strong></span> <span class='ocrx_word' id='word_1_200' title='bbox 270 2559 403 2610; x_wconf 87' lang='lat' dir='ltr'><strong>scelerum</strong></span> <span class='ocrx_word' id='word_1_201' title='bbox 417 2557 521 2610; x_wconf 88' lang='lat' dir='ltr'><strong>subitos</strong></span> <span class='ocrx_word' id='word_1_202' title='bbox 533 2565 612 2626; x_wconf 88' lang='lat' dir='ltr'><strong>putat</strong></span> <span class='ocrx_word' id='word_1_203' title='bbox 622 2574 681 2609; x_wconf 89' lang='lat' dir='ltr'><strong>esse</strong></span> <span class='ocrx_word' id='word_1_204' title='bbox 693 2558 807 2608; x_wconf 85' lang='lat' dir='ltr'><strong>furores.</strong></span> 
     </span>
     <span class='ocr_line' id='line_1_36' title="bbox 130 2628 814 2694; baseline -0.004 -13"><span class='ocrx_word' id='word_1_205' title='bbox 130 2631 201 2693; x_wconf 78' lang='lat' dir='ltr'><strong>Quid</strong></span> <span class='ocrx_word' id='word_1_206' title='bbox 220 2632 332 2687; x_wconf 87' lang='lat' dir='ltr'><strong>mirum,</strong></span> <span class='ocrx_word' id='word_1_207' title='bbox 344 2628 474 2694; x_wconf 91' lang='lat' dir='ltr'><strong>populos,</strong></span> <span class='ocrx_word' id='word_1_208' title='bbox 487 2643 554 2694; x_wconf 91' lang='lat' dir='ltr'><strong>quos</strong></span> <span class='ocrx_word' id='word_1_209' title='bbox 570 2629 616 2679; x_wconf 90' lang='lat' dir='ltr'><strong>lux</strong></span> <span class='ocrx_word' id='word_1_210' title='bbox 627 2635 749 2680; x_wconf 87' lang='lat' dir='ltr'><strong>extrema</strong></span> <span class='ocrx_word' id='word_1_211' title='bbox 759 2642 814 2678; x_wconf 91' lang='lat' dir='ltr'><strong>ma·</strong></span> 
     </span>
     <span class='ocr_line' id='line_1_37' title="bbox 549 2695 875 2759; baseline -0.006 -12"><span class='ocrx_word' id='word_1_212' title='bbox 549 2698 640 2759; x_wconf 85' lang='lat' dir='ltr'><strong>nebat,</strong></span> <span class='ocrx_word' id='word_1_213' title='bbox 824 2695 875 2746; x_wconf 83' lang='lat'><strong>185</strong></span> 
     </span>
     <span class='ocr_line' id='line_1_38' title="bbox 108 2769 666 2824; baseline -0.011 0"><span class='ocrx_word' id='word_1_214' title='bbox 108 2772 276 2824; x_wconf 68' lang='lat' dir='ltr'><strong>Luceres</strong></span> <span class='ocrx_word' id='word_1_215' title='bbox 643 2769 666 2818; x_wconf 75' lang='lat' dir='ltr'><strong>a·</strong></span> 
     </span>
    </p>
   </div>
   <div class='ocr_carea' id='block_1_3' title="bbox 0 0 991 3218">
    <p class='ocr_par' dir='ltr' id='par_1_10' title="bbox 0 0 991 3218">
     <span class='ocr_line' id='line_1_39' title="bbox 0 0 991 3218; baseline 0 0"><span class='ocrx_word' id='word_1_216' title='bbox 0 0 991 3218; x_wconf 95' lang='lat' dir='ltr'><strong> </strong></span> 
     </span>
    </p>
   </div>
  </div>
 </body>
</html>
