1956 3106
200 128 488 190 5511181511.
527 129 613 178 lilll.
644 131 662 177 1.
780 129 795 179 3

11 262 17 297 '.
61 253 162 316 Ultima
171 249 278 299 funesta
289 254 453 298 concurrant
463 247 565 311 proelia
575 247 685 296 Munda.
821 250 855 298 411

9 320 15 327 ’
61 322 120 381 ilis,
128 318 374 379 Caesar‚Porusina
385 318 480 374 tames,
492 317 666 380 Mirtinaeque
677 317 784 366 labores

9 402 12 429 ³
59 389 197 439 Accedant
206 386 283 449 fatis3
295 395 336 443 et,
348 401 415 452 qnae
426 385 523 449 premit
535 398 646 448 aspera,
657 384 766 447 classes,

10 476 12 483 ⁸
60 459 167 507 Leucas
174 473 181 519 ;
192 461 220 505 et
231 455 335 504 ardenti
348 454 456 503 servilia
466 453 536 502 bella
546 453 595 502 sub
608 453 705 502 Aetna:

10 526 12 561 :
59 525 174 575 Multum
185 525 272 575 llorna
282 530 372 572 tamen
384 522 465 572 debet
476 522 597 572 civilibus
607 523 697 581 arnna,

61 595 138 655 Quod
151 593 200 641 tibi
211 608 254 641 res
268 598 330 640 acta
343 601 391 641 ost.
420 593 477 649 'l'e‚
494 607 588 656 quum,
606 592 723 640 statione
737 607 794 655 uer-

533 666 602 719 aota,
819 661 853 708 15

60 733 139 781 ¹lstra
151 736 224 792 netes
236 744 320 789 serus,
334 730 446 792 praelati
457 731 533 795 rogia
544 729 613 778 coeli

61 801 198 863 Excipiet,
210 798 344 864 gaudente
358 798 429 863 polo,
441 813 489 847 seu
500 804 609 862 sceptra
619 804 722 858 tenere,
755 859 758 867 Ι

60 869 114 918 Seu
126 876 153 916 te
165 865 347 932 flammigeros
358 865 462 916 Phoebi
473 866 656 917 conscendere
670 883 772 927 curun,

60 936 250 1001 'l'elluremqne
261 934 325 985 nibil
336 943 441 985 mutato
453 936 510 986 sole
521 937 659 986 timentem

60 1007 125 1072 igne
135 1003 205 1070 'vago
218 1005 332 1055 lustrare
343 1006 431 1054 iuret:
452 1006 498 1054 tibi
511 1005 618 1054 nurnine
630 1005 663 1053 ab
676 1006 747 1055 omni
820 1007 852 1053 511

60 1074 186 1132 vedetur,
197 1075 301 1138 iurique
314 1081 361 1123 tuo
373 1081 470 1122 natura
482 1074 621 1139 relinquet,

60 1145 126 1204 Quis
138 1142 204 1191 (leus
216 1157 274 1190 esse
286 1142 365 1202 velis,
382 1142 425 1190 ubi
438 1157 549 1206 regnum
560 1155 661 1205 ponere
673 1142 773 1188 mundi.

60 1211 115 1262 sed
126 1226 211 1275 neque
222 1211 249 1258 in
259 1211 360 1258 Arctoe
372 1210 463 1258 ecdem
475 1208 522 1257 tibi
533 1209 630 1272 legeris
642 1209 717 1266 orbo,

59 1279 118 1332 Nee
129 1279 205 1342 polue
217 1278 304 1324 aversi
316 1276 418 1323 ualidus
429 1291 481 1340 qua
492 1278 611 1339 vergitur
625 1277 710 1326 Austri
720 1293 726 1336 ;

60 1347 137 1398 Unde
149 1351 223 1392 tuam
234 1342 326 1390 rideas·
338 1343 445 1408 obliquo
456 1343 545 1392 sidere
557 1343 677 1394 Romanu.
820 1347 851 1395 55

60 1411 183 1463 :lotheris
194 1412 316 1460 immensi
327 1419 432 1476 partem
443 1413 466 1461 si
477 1414 607 1477 presseris
620 1428 709 1472 unam,

60 1483 166 1533 Sentiet
177 1481 234 1529 axia
246 1495 322 1529 onus.
341 1480 446 1532 Librati
458 1480 580 1547 pondera
591 1483 660 1534 coeli

58 1551 131 1601 Orbe
143 1556 204 1600 tene
217 1549 317 1599 medio:
332 1566 392 1614 pars
404 1549 521 1601 aetben'e
531 1551 577 1600 illa
588 1554 676 1603 sereni

57 1624 130 1671 'l'ota
145 1625 235 1679 vacet,
247 1619 388 1687 nullaeque
401 1620 510 1670 obstent
522 1623 665 1674 ellemaro
679 1623 771 1672 nubea.

57 1692 134 1740 'l'unc
147 1704 230 1755 genus
241 1687 386 1738 homanum
397 1691 491 1754 positis
503 1690 553 1740 sibi
564 1690 688 1741 consulat
699 1694 789 1752 armie
817 1690 849 1741 60

57 1762 139 1826 inque
151 1761 236 1808 ricem
248 1773 313 1823 gens
324 1760 410 1810 omnis
422 1765 507 1808 amet:
525 1759 583 1808 Pax
594 1762 676 1809 minsa
688 1775 736 1824 per
746 1776 788 1810 or-

526 1829 585 1877 bem

58 1899 156 1947 Ferrea
166 1896 287 1961 belligeri
300 1904 456 1960 conrpeseat
467 1898 559 1947 limina
570 1899 634 1947 lani.

56 1966 109 2016 Sed
121 1964 185 2014 inibi
194 1965 247 2012 iam
261 1981 369 2014 numen:
387 1981 445 2024 nee,
457 1968 478 2014 si
490 1972 518 2016 te
530 1974 641 2030 pectore
653 1973 729 2018 vater

55 2035 175 2099 Accipio,
188 2030 317 2081 Cirrhaea
327 2034 404 2081 velim
416 2040 524 2084 secreta
536 2042 688 2085 moventem

56 2103 208 2153 Sollicitare
221 2100 314 2159 deum,
327 2100 518 2166 Bacchumque
529 2112 652 2154 avertere
665 2103 748 2167 Nysa.
815 2105 847 2153 65

55 2173 98 2224 Τιι
109 2173 174 2220 ¹eatis
186 2170 220 2218 ad
233 2168 335 2221 dandae
347 2168 468 2217 Romana
480 2173 505 2219 in
515 2174 635 2221 earmina
645 2173 723 2221 m'res.

107 2241 170 2289 ren
185 2241 288 2288 animus
306 2253 401 2287 cauriae
417 2244 553 2288 tantarum
571 2254 731 2304 expromere
748 2256 788 2290 re·

45 2348 48 2355 .
528 2324 595 2369 rum,

55 2380 268 2443 immensumque
280 2378 400 2442 aperitur
412 2391 487 2441 opem,
501 2377 563 2443 quid
574 2379 600 2425 in
613 2391 688 2425 arma
700 2377 788 2429 birru-

527 2452 582 2497 tem

55 2514 193 2580 impulerit
204 2515 345 2580 populum,
364 2514 426 2580 quid
440 2530 534 2579 paoem
549 2518 699 2574 excusserit
710 2518 777 2568 orbi.

55 2584 146 2633 lurida
156 2583 273 2633 lotorum
285 2586 378 2643 series,
390 2588 553 2652 summisque
567 2591 692 2652 negatum
812 2590 846 2638 ’10

52 2652 131 2703 Stare
144 2652 202 2715 diu3
219 2653 352 2720 nimioque
365 2669 460 2719 granos
473 2656 521 2703 sirb
535 2655 653 2720 pondere
665 2655 768 2721 lapsum

600 2727 641 2772 12
