1956 3106
238 164 521 215 l’nnttsnhtn.
558 167 646 216 LlB.
672 168 691 216 l.
816 165 831 214 9

50 338 53 342 Α
98 286 173 346 Quae
185 285 330 352 perlonga
342 284 437 334 dabat:
449 284 521 333 nuda
532 285 585 333 iam
597 291 671 335 crate
682 284 796 335 fluentes

96 355 228 416 Invadunt
242 353 363 418 clypeos,
376 360 541 418 curvataque
553 354 663 417 cuspide
676 355 737 419 pila,
777 401 780 407 .

97 425 131 474 Et
142 423 254 472 scabros
266 424 358 488 nigrae
370 437 462 470 morsu
473 421 602 488 rubiginis
614 436 699 472 enses.

96 493 130 542 Ut
142 497 223 541 notae
235 490 334 540 fulsere
346 490 462 556 aquiiae,
471 491 646 556 Romanaque
658 493 743 557 signa,

94 561 130 611 Et
143 561 230 611 celsus
244 559 333 608 medio
347 565 509 624 conspectus
520 561 546 609 in
559 561 666 626 agndne
677 561 785 620 Caesar,
840 560 889 609 245
951 603 954 607 ,

96 630 238 695 Diriguere
251 636 335 688 metu,
346 628 451 694 gelidus
462 643 549 694 paror
560 636 678 695 occupat
690 637 773 688 artus,

96 700 129 748 Et
140 699 225 746 tacito
238 703 327 747 mutos
340 697 451 746 vuirunt
461 699 487 746 in
501 704 613 762 pectore
625 705 749 765 questus:

95 764 119 817 0
130 768 198 816 rnale
209 765 303 817 vicinis
313 766 379 817 lraee
391 766 493 816 moenio
504 766 611 816 condito
626 767 720 828 Garris,

94 833 118 884 0
129 835 206 886 tristi
216 836 343 886 dorrrnnto
355 837 427 886 loeo!
436 852 495 900 pax
507 839 564 886 otto
574 851 623 901 per
635 853 720 887 oornet

92 904 129 954 Et
142 905 290 971 tranquilla
303 904 375 969 quies
384 908 507 972 populor:
519 921 565 955 nor
574 906 677 970 proedo
689 905 826 972 fitrentruu
839 905 888 955 250

93 973 440 1038 Primoquecostrosurnus.
453 973 561 1031 Melius,
570 973 706 1034 Fortuna,
718 976 830 1028 dedisses

94 1040 163 1092 Orbe
175 1044 221 1093 sud
231 1045 282 1093 lieo
294 1044 377 1093 sedern
387 1044 531 1111 gelidoque
542 1042 589 1092 aad
601 1043 690 1103 Arcto,

90 1110 276 1175 Errantesque
289 1113 385 1172 dornos,
397 1112 475 1162 irotii
485 1123 562 1177 quoru
577 1115 695 1161 claustro
708 1113 788 1162 tueri.

92 1180 145 1230 Nor
156 1181 238 1245 primi
252 1181 381 1230 Serranum
389 1190 485 1239 inatus,
499 1179 686 1244 Cirnbrunrque
687 1180 827 1248 furentem

94 1247 224 1306 Vidimus,
237 1257 262 1297 et
276 1248 392 1296 Mortem
404 1247 508 1314 Libyes,
520 1248 791 1317 eurornnquesttrorie
838 1247 890 1297 255

95 1316 245 1365 Teutonici.
284 1313 394 1374 Quoties
407 1314 517 1364 Romam
529 1315 650 1366 Fortuna
662 1317 776 1377 lucessit,

91 1384 153 1433 Hoc
165 1383 218 1433 iter
229 1391 265 1432 est
279 1382 359 1432 tetris.
397 1383 506 1434 Gemitu
518 1386 556 1434 sie
569 1387 679 1452 quisque
690 1387 792 1448 latenti,

91 1450 152 1501 Non
166 1467 246 1502 ausus
258 1453 380 1501 timuisse
392 1453 494 1519 palam:
504 1469 558 1503 vox
569 1454 642 1503 nulia
652 1455 737 1506 dolori
761 1485 764 1491 .

91 1520 212 1571 Credita:
241 1522 289 1572 sed
301 1528 443 1588 quantum,
459 1523 584 1573 volucres
596 1539 656 1573 eum
668 1524 764 1576 bruma
780 1542 823 1577 eo·

278 1600 284 1609 ‘
562 1601 645 1654 ercet,

90 1660 163 1709 Rura
173 1660 264 1718 silent,
284 1660 441 1728 mediusque
453 1668 526 1712 taret
543 1663 599 1712 sine
612 1677 748 1714 murmure
759 1680 824 1729 pon·
896 1662 900 1671 ’

112 1777 116 1786 ,
188 1790 190 1795 Ι
560 1737 612 1791 tus,
835 1731 885 1781 260

89 1800 180 1848 Tanta
191 1799 274 1863 quies.
294 1795 388 1846 Noctis
400 1797 503 1863 gelidus
515 1799 559 1848 iux
572 1800 691 1862 solverat
702 1801 823 1850 umbras:

89 1867 163 1918 Ecce
174 1865 248 1915 iaces
259 1865 330 1925 belii,
341 1865 491 1932 dubiaeque
504 1868 529 1916 in
542 1869 645 1932 praelia
655 1871 741 1919 menti·

90 1937 224 2001 Urgentes
235 1935 338 1983 addunt
349 1935 471 1984 stimulos
483 1944 648 2003 cunctasque
661 1938 771 2003 pudoris

89 2004 227 2067 Rumpunt
237 2002 294 2050 iata
304 2018 405 2051 moras:
418 2004 504 2054 iustos
516 2006 638 2055 Fortuna
649 2007 755 2056 laborat

89 2074 158 2122 Esse
169 2071 245 2120 ducis
257 2076 354 2128 motus,
367 2078 393 2118 et
405 2086 515 2122 caussas
527 2075 629 2124 invonit
639 2077 729 2125 armis.
835 2074 884 2124 265

91 2141 201 2206 Expulit
214 2139 324 2204 ancipiti
337 2138 475 2189 discordes
486 2142 552 2191 urbe
564 2143 688 2193 tribunos

93 2211 171 2260 Victo
183 2210 240 2259 iure
252 2210 342 2258 minax
352 2208 461 2257 iactatis
472 2212 545 2258 curia
559 2210 700 2260 Gracchis.
898 2238 913 2263 s

90 2279 149 2328 Hos
159 2279 211 2327 iam
222 2285 298 2328 mota
309 2277 385 2326 ducis
398 2277 537 2342 uicinaque
550 2281 627 2345 signa
637 2284 760 2344 petentes

89 2347 182 2396 Audax
194 2347 281 2397 venali
294 2346 440 2396 comitatur
453 2346 532 2395 Curio
544 2347 649 2414 lingua:

90 2416 151 2466 Vox
164 2416 296 2482 quondam
310 2415 415 2480 populi,
426 2415 633 2483 libertatemque
646 2418 713 2467 tueri
833 2422 883 2469 270

88 2487 187 2545 Ausus,
200 2493 227 2535 et
238 2491 356 2535 armatos
369 2484 440 2549 plebi
451 2486 564 2536 miseere
576 2492 708 2550 potentes.

89 2554 177 2618 thue
188 2554 282 2605 ducem
295 2555 384 2602 varias
395 2554 546 2604 volventem
559 2561 671 2621 pectore
683 2571 760 2608 eruas

89 2622 248 2686 Conspexit:
267 2621 336 2672 Dum
350 2638 410 2672 vore
423 2632 486 2672 tuoe
496 2633 607 2688 potuere
618 2624 715 2686 iuvari,

90 2687 199 2752 (foetor,
213 2694 257 2749 ait,
269 2701 368 2758 portet,
382 2692 500 2756 qrrnruvr‘r
512 2696 614 2745 notente
626 2705 729 2755 senatu,
