1950 3218
154 180 187 229 ’10
328 179 365 228 Μ.
400 177 501 228 ANN.
538 175 715 230 LUGle

152 298 213 349 Ulla
223 297 305 360 ridet,
318 299 402 348 sterili
415 315 467 348 non
480 297 623 364 quidquam
636 296 737 364 frigore
748 296 843 365 gignit,

154 366 208 418 Sed
220 367 306 434 glacie
317 368 421 417 medios
431 369 567 434 signorum
581 371 716 431 temperat
726 365 810 432 ignes.

93 437 142 487 110
154 435 208 498 Sic,
221 451 237 485 o
249 452 351 486 suntme
363 452 460 502 pareus
470 435 571 495 mundi,
585 436 623 485 sic
634 445 707 486 sorte
719 436 840 484 secunda

153 507 287 573 Aequorei
298 512 390 555 rector
402 505 496 565 facias,
509 502 643 570 Neptune,
656 504 794 554 tridentis:

151 576 188 626 Et
199 581 228 624 tu
239 575 376 640 perpetuis
386 573 526 639 impendas
539 587 605 622 aera
615 573 725 636 nimbis3

152 647 196 694 'l'u
207 658 329 695 remeare
341 650 415 692 vetes
429 656 613 709 quoscumque
624 643 744 692 emiseris
758 648 858 694 aestus.

151 713 213 765 Non
224 712 343 762 habeant
354 726 446 762 amnes
458 711 587 761 declivem
600 711 632 760 ad
644 711 726 760 litora
738 727 854 773 cursum,

71 786 75 793 “
91 783 141 834 115
154 782 209 834 Sed
219 782 307 848 pelagi
320 781 473 830 referantur
484 782 573 847 aquis:
584 795 779 847 concussaque
792 781 872 832 tellus

151 853 242 902 Laxet
251 851 304 900 iter
312 849 408 900 fluviis.
442 851 501 900 Hos
514 863 625 914 campos
638 847 747 899 Rhenus
757 850 881 913 inundet,

151 922 211 971 ilos
223 918 382 969 Rhodanus:
395 927 488 969 vastos
502 918 639 984 obliquent
650 917 760 968 flumina
771 917 872 982 fontes,

151 987 304 1055 Rhiphaeas
316 987 367 1038 bue
379 989 454 1039 solve
464 990 548 1049 nives,
561 988 615 1037 lmc
623 993 720 1054 stagna
730 988 861 1056 lacusque

152 1060 189 1108 Et
200 1060 300 1125 pigras,
312 1058 473 1125 ubicumque
483 1059 582 1119 iacent,
595 1056 701 1107 effunde
714 1056 842 1122 paludes:

51 1132 54 1137 '
91 1130 141 1179 120
152 1129 188 1178 Et
201 1129 313 1177 miseras
324 1127 402 1178 bellis
414 1126 535 1177 civilibus
547 1129 620 1192 eripe
631 1131 727 1176 terras.

204 1196 258 1247 Sed
269 1214 352 1264 parvo
363 1198 485 1247 Fortuna
495 1198 547 1246 m'ri
559 1201 688 1246 cementa
699 1210 810 1260 pavore,

151 1268 235 1317 Plena
247 1267 325 1328 redit,
337 1267 471 1334 solitoque
481 1267 567 1332 nragis
580 1265 671 1314 favere
682 1265 793 1315 secundi

151 1337 188 1386 Et
198 1337 303 1385 veniam
314 1351 437 1386 meruere
451 1336 502 1384 dei.
531 1336 586 1385 lam
600 1335 687 1384 rarior
698 1348 753 1395 aer,

151 1407 188 1454 Et
200 1421 248 1469 par
259 1405 385 1454 Phoebus
397 1405 482 1470 aquis,
494 1405 590 1453 densas
602 1405 628 1453 in
640 1402 741 1452 vellera
752 1404 837 1454 nabes

91 1472 141 1523 125
153 1472 305 1538 Sparserat,
317 1480 345 1522 et
356 1480 451 1522 noctes
462 1479 576 1521 ventura
589 1473 648 1522 luco
660 1471 806 1521 rubebant:

152 1542 318 1608 Servatoque
331 1542 391 1590 loco
405 1557 502 1601 rerum,
515 1542 639 1590 discessit
650 1541 683 1590 ab
696 1543 776 1591 astris

151 1612 265 1671 llumor,
278 1613 369 1659 etima
381 1613 449 1676 petit
461 1610 590 1676 quidquid
601 1610 738 1675 pendebat
747 1625 889 1676 aquarum.

152 1678 260 1729 Tollere
271 1679 337 1728 silva
350 1695 450 1737 1111111,
467 1679 569 1745 stagnis
581 1693 719 1746 cniergere
731 1679 813 1730 colles

150 1749 293 1813 incipiunt,
305 1750 416 1814 meoque
429 1749 472 1797 die
484 1749 628 1798 durescere
640 1748 731 1798 valles.

90 1818 140 1869 130
153 1819 241 1884 thue
252 1816 345 1867 habuit
354 1819 426 1884 ripas
439 1817 548 1879 Sicoris,
561 1834 725 1884 camposque
735 1819 851 1885 reliquit,

150 1888 270 1937 Primum
282 1904 351 1938 caua
360 1887 429 1938 salix
439 1887 593 1937 madefacto
606 1889 703 1936 vianne
715 1903 825 1953 parram

151 1958 265 2006 Texitur
276 1958 301 2005 iu
314 1958 431 2023 puppim,
445 1972 579 2023 caesoque
591 1957 702 2006 inducta
712 1959 826 2007 iuvenco

149 2025 277 2077 Vectoris
288 2028 392 2091 patiens
403 2026 533 2075 tumidum
546 2033 721 2091 superenatat
733 2042 846 2076 rrnruem.

150 2094 195 2146 Sic
205 2096 326 2147 Venetus
337 2102 479 2162 stagnante
492 2096 577 2157 Pado,
595 2095 709 2161 fusoque
721 2095 867 2146 Britannus

89 2164 139 2215 135
151 2165 269 2232 Navigat
280 2167 403 2215 Oceano:
415 2167 453 2213 sic
467 2181 526 2213 1111
539 2171 613 2215 tenet
625 2166 712 2213 omnia
724 2164 808 2221 Nilus,

151 2236 307 2285 Conseritur
317 2235 407 2284 bibula
418 2232 574 2300 Memphitis
587 2233 683 2298 cymba
695 2249 809 2299 prrpryro.

149 2305 200 2353 His
212 2305 315 2353 ratibus
326 2306 474 2354 transiecta
486 2320 580 2353 manus
593 2304 703 2352 festinat
715 2306 842 2369 utrinque

151 2370 290 2423 Succisum
304 2389 415 2423 curvare
428 2388 535 2435 uenms3
548 2372 672 2438 ilaviiquo
684 2372 784 2421 ferocis

148 2441 318 2491 Incrementa
329 2444 433 2503 timens,
446 2458 498 2492 non
511 2444 602 2508 primis
616 2442 714 2490 rolmra
726 2442 790 2506 ripis

88 2508 139 2557 140
150 2510 295 2574 imposuit:
308 2512 410 2561 nredios
422 2518 530 2577 pontem
544 2511 671 2560 distendit
681 2512 707 2558 in
721 2526 810 2577 agros.

147 2578 186 2626 ilc
196 2593 228 2626 ue
241 2579 302 2644 quid
317 2578 417 2629 Sicoris
429 2581 551 2646 repetitis
565 2580 664 2628 audeat
676 2580 762 2637 undis,

148 2644 290 2712 Spargitur
300 2649 326 2697 in
338 2649 435 2709 sulcos,
448 2655 474 2698 et
486 2650 569 2698 scisso
582 2650 687 2715 gurgite
700 2649 763 2697 rivis
802 2689 804 2693 ,

147 2713 205 2765 Dat
215 2729 316 2778 poenas
327 2719 435 2767 nraioris
447 2733 532 2784 aquae
561 2719 709 2782 Postquam
721 2721 811 2767 omnia
821 2718 884 2767 fatis.
