1956 3106
148 132 198 181 248
270 127 440 179 caRMEN
470 130 522 180 AD
551 129 754 184 PISONEM.

87 253 137 303 ’165
149 247 401 310 Pollice„terribilis
413 264 466 315 quo
478 249 568 299 Pelias
576 250 635 301 ibat
642 251 669 301 in
679 248 795 302 hostem.

147 322 230 371 Arma
238 319 292 369 tuis
304 318 387 369 etiarn
398 319 420 368 si
431 317 503 368 forte
515 324 607 369 rotare
618 319 737 382 lacertis,

149 391 231 457 lnque
242 387 355 455 gradum
368 387 467 437 clausis
479 387 558 437 libuit
569 389 720 439 consistere
730 389 869 443 membris

150 460 186 509 Et
197 460 284 508 vitare
296 456 383 517 simul,
395 457 474 505 siunrl
485 461 513 506 et
524 462 636 523 captare
646 462 799 524 petentem:

149 527 305 578 lllobilitate
318 524 415 591 pedum
429 526 532 575 celeres
543 541 625 592 super
636 526 747 577 orbibus
758 526 840 579 orbes

88 599 139 647 llll
147 597 261 657 Flectis,
273 600 301 644 et
313 594 427 659 obliquis
437 592 587 660 fugientem
598 595 721 646 cursibus
730 611 826 664 urges:
877 626 881 631 -

151 669 187 717 Et
198 680 268 715 nunc
278 664 364 713 vivaci
376 665 507 713 scrutaris
519 670 632 729 pectora
643 665 748 727 dextra,

150 736 230 786 Nunc
239 734 311 784 latus
323 732 464 781 adversum
477 748 527 783 nec
539 736 620 799 opino
631 735 751 799 percutis
760 733 827 785 ictu.

150 805 209 855 Nec
219 803 269 854 tibi
279 800 416 850 mobilitas
427 802 516 851 minor
527 808 577 863 ost,
590 804 613 853 si
623 802 696 853 forto
707 803 850 855 volantem
922 846 926 853 .

151 877 205 924 Aut
215 871 353 939 geminare
365 868 446 934 pilam
453 870 537 932 iurat,
544 877 727 922 aritrevocare
734 872 896 937 cadentem,

89 944 140 995 175
152 944 189 994 Et
199 957 252 991 non
264 944 374 1004 sperato
384 936 532 1005 fugientem
544 940 658 991 reddere
670 946 757 1008 gestu.

150 1012 257 1063 Haeret
266 1007 367 1058 inhaec
378 1008 495 1074 populus
505 1010 671 1076 spectacula,
683 1015 798 1078 totaque
808 1011 890 1061 ludos

151 1080 247 1132 Turba
257 1084 369 1143 repente
381 1093 445 1127 suos
454 1079 509 1128 iarn
521 1078 681 1129 sudabunda
691 1079 827 1147 relinquit.

151 1152 193 1200 'l'e
204 1151 227 1200 si
237 1148 309 1198 forte
320 1149 403 1207 iuvat,
415 1147 566 1198 studiorum
577 1148 699 1214 pondere
709 1147 821 1211 fessum,

151 1220 213 1270 Non
224 1219 355 1284 languere
366 1217 467 1278 tamen,
478 1217 606 1284 lususque
618 1232 783 1285 movereper
793 1223 892 1277 artem,

91 1290 142 1339 180
150 1288 294 1339 Callidiore
306 1285 388 1336 modo
400 1285 494 1336 tabula
504 1287 625 1343 variatur
636 1291 733 1352 aperta

153 1356 286 1417 Calculus,
300 1362 329 1406 et
341 1356 428 1404 vitreo
441 1361 608 1422 peraguntur
618 1357 702 1406 milite
712 1356 793 1418 bella,

153 1429 189 1478 Ut
201 1427 294 1476 niveus
306 1426 407 1491 nigros,
419 1440 490 1475 nunc
502 1430 529 1474 et
538 1426 615 1491 niger
627 1425 728 1492 adliget
739 1424 824 1476 albos.

153 1495 208 1546 Sed
218 1495 268 1545 tibi
280 1495 338 1561 quis
349 1508 403 1542 non
415 1499 493 1559 terga
504 1492 595 1543 dediti
611 1494 670 1560 quis
680 1500 708 1544 te
718 1494 787 1546 duce
799 1496 883 1546 cessit

153 1561 296 1615 Calculus?
312 1563 752 1628 autquisnonperiturusperdidit
765 1561 891 1615 hostensi

92 1634 142 1686 185
153 1632 227 1682 Mille
239 1630 327 1680 modis
340 1631 412 1679 acies
425 1636 472 1679 tua
483 1631 607 1681 dimicat:
618 1632 664 1682 ille
673 1638 813 1698 petentem

152 1701 225 1752 Dum
235 1698 313 1766 argit,
324 1699 382 1764 ipse
393 1700 478 1763 rapit:
498 1699 581 1768 longo
592 1702 666 1752 venit
675 1703 852 1764 illerecessu,

154 1771 205 1832 Qui
217 1770 294 1820 stetit
302 1769 330 1817 in
342 1768 472 1833 speculis:
484 1767 528 1819 hic
539 1785 567 1820 se
579 1772 750 1823 committere
761 1772 838 1823 rixae

153 1841 255 1901 Audet,
267 1839 332 1889 etin
343 1838 473 1902 praedam
483 1840 637 1890 venientem
648 1840 750 1908 decipit
759 1839 879 1893 hostem.

153 1911 291 1974 Ancipites
303 1907 375 1958 subit
387 1908 431 1958 ille
443 1923 544 1970 moras,-
555 1908 703 1977 similisque
713 1909 798 1978 ligato

92 1981 143 2031 190
156 1979 265 2045 Obligat
275 1979 334 2043 ipse
346 1976 427 2029 duos:
447 1975 491 2028 hic
502 1978 536 2028 ad
547 1979 653 2028 maiora
662 1985 796 2041 movetur,

154 2049 189 2100 Ut
201 2050 270 2098 citus
283 2052 311 2097 et
322 2044 412 2097 tracta
423 2052 583 2112 prorumpat
594 2048 621 2096 in
634 2050 742 2114 agmina
753 2049 879 2112 mandra,

153 2118 305 2183 Clausaque
317 2115 424 2166 deiecto
437 2117 582 2181 populetur
594 2120 701 2167 moenia
712 2119 792 2168 vallo.

152 2189 271 2247 Interea,
283 2185 365 2236 sectis
377 2187 498 2252 quamvis
511 2186 646 2236 acerrima
656 2192 770 2254 surgant

151 2257 260 2307 Proelia
271 2255 409 2317 militibus,
419 2254 499 2321 plena
510 2260 600 2304 tamen
610 2256 668 2321 ipse
678 2255 822 2324 phalange,

90 2326 142 2379 195
155 2328 206 2377 hut
218 2327 300 2375 etiam
313 2338 401 2389 pauco
413 2324 530 2389 spoliata
540 2325 624 2375 milite
636 2326 729 2387 aiacis,

152 2397 190 2446 Et
200 2396 248 2444 tibi
262 2395 371 2460 captiva
382 2399 493 2444 resonat
505 2409 599 2444 uranus
611 2400 726 2460 utraque
739 2395 829 2446 turba.

154 2462 209 2514 Sed
220 2465 294 2529 prius
307 2477 417 2512 emenso
431 2464 511 2512 Titan
523 2470 647 2514 versetur
658 2464 786 2530 Olympo,

155 2533 243 2594 Quam
255 2547 317 2582 mea
326 2537 369 2581 tot
379 2532 472 2582 laudes
484 2532 629 2584 decurrere
641 2535 761 2584 carmina
777 2535 898 2599 possint.

154 2601 241 2663 Felix,
254 2608 282 2651 et
291 2601 374 2667 longa
385 2602 488 2650 iuvenis
499 2601 654 2668 dignissime
665 2603 731 2664 vita,

95 2673 147 2723 200
157 2671 349 2737 Eximiunrque
360 2677 423 2719 tuae
435 2671 523 2736 gentis
536 2671 627 2732 decus,
640 2673 735 2737 accipe
746 2673 831 2721 nostri
