1956 3106
149 190 199 238 mo
322 177 761 241 u.uor.ouoaur.

88 311 139 358 140
153 310 240 369 Quen
251 314 306 358 non
316 307 387 357 mille
398 306 476 357 simui
486 307 590 370 turmis,
602 323 652 359 nee
662 311 778 360 caesore
791 315 853 361 toto

149 376 277 428 Auferret
287 377 409 427 Fortuna
419 375 518 437 locum,
531 376 678 428 victoribus
688 395 757 429 unus

149 446 266 512 Eripuit,
279 446 419 511 vetuitque
429 447 503 510 oapi:
523 460 605 512 seque
617 462 692 496 orme
701 453 821 507 tenente,

149 517 187 566 Ae
200 515 318 565 nondum
330 519 427 575 strato,
438 514 567 580 Magnum
578 516 676 566 vicisse
686 517 801 583 negarit.

152 584 257 635 Scaeva
266 585 324 633 viro
336 597 446 632 nomen:
461 587 612 632 castrorum
623 586 649 633 in
661 584 739 650 plebe
750 585 877 635 merebat

90 655 141 705 115
152 656 221 704 Ante
231 652 304 703 feras
314 649 440 702 Rhodani
449 656 557 718 gentes:
575 652 613 702 ibi
623 655 753 720 sauguine
762 653 849 705 multo

151 724 297 774 Promotus
308 721 417 770 Latiam
427 719 509 787 longo
521 721 592 787 gerit
601 722 694 772 ordine
705 723 796 773 vitem.

150 793 257 843 Pronus
270 790 303 840 ad
314 804 393 840 omne
403 788 490 851 nefas,
502 795 530 839 et
541 790 587 856 qui
597 792 723 853 nesciret,
733 793 761 841 in
774 793 858 842 armis

153 863 240 922 Quam
252 874 379 926 magnum
389 859 474 908 virtus
486 859 588 909 odmen
600 859 721 910 ciuilibus
732 867 813 912 esset.

151 931 204 980 Hic
215 930 261 979 ubi
271 932 432 996 quaerentes
442 928 541 990 socios,
550 929 605 977 iam
615 929 705 980 Marte
715 930 821 991 relicto,

89 1001 140 1049 150
151 1001 225 1049 Tuta
235 997 317 1065 fugae
329 998 424 1058 cernit,
437 995 495 1059 Quo
507 1012 654 1063 orepavor,
664 999 759 1065 inquit,
771 1000 864 1067 abege!

150 1068 266 1135 Impius,
279 1077 304 1117 et
317 1065 421 1117 eunctis
434 1066 544 1133 ignetur
558 1065 683 1117 Caesarie
694 1067 797 1118 armis?

152 1137 190 1205 [Ο
202 1137 295 1188 famuli
306 1145 409 1202 turpes,
422 1151 528 1186 servum
540 1151 632 1202 pecus,
644 1135 746 1203 absque
759 1135 877 1203 cruore]

153 1207 245 1276 Terga
256 1207 329 1257 dotis
342 1204 440 1255 morri?
471 1202 583 1255 Cornuto
595 1222 638 1256 roe
651 1205 866 1256 decemvirorum

153 1277 210 1329 Non
221 1277 306 1342 pudet
317 1285 343 1326 et
356 1274 448 1334 bustis,
460 1273 582 1340 interque
592 1277 722 1326 cadavera
735 1275 848 1341 quaeri?

89 1349 140 1398 155
154 1347 212 1398 Non
222 1346 266 1396 ira
277 1347 380 1405 saltem,
391 1344 504 1404 iuvenes,
512 1344 616 1408 pietate
626 1355 738 1406 remota,

153 1414 289 1467 stabitis?
315 1414 343 1466 E
355 1413 471 1472 cernerer,
479 1429 530 1478 per
543 1429 607 1478 quoe
620 1423 769 1479 erumperet
781 1412 880 1476 Ieeetr'r,¹

152 1484 208 1535 Nor
220 1499 310 1534 rumare
321 1480 407 1532 electi.
436 1479 495 1533 Non
503 1498 588 1547 paruo
600 1483 730 1551 sunguine
742 1482 842 1552 Magni

151 1555 209 1606 Ista
221 1552 275 1603 dier
285 1550 358 1601 ierit.
387 1549 510 1601 Peterem
517 1551 630 1621 felicior
641 1553 747 1602 umbrae

145 1621 282 1674 ¹Caesarie
292 1619 320 1671 t'n
331 1621 415 1669 vultu.
439 1617 543 1670 Testem
555 1619 882 1693 buneFortunarregam't.

91 1693 142 1743 160
156 1689 283 1757 Pompeio
295 1690 432 1748 laudante,
444 1689 547 1740 cadam.
577 1689 749 1760 Confringite
762 1693 816 1741 tela

153 1759 278 1813 Pectoris
289 1758 410 1820 incursu,
420 1757 572 1826 iugulisque
583 1760 842 1832 retortditeferrum.

152 1832 210 1883 [aru
223 1828 370 1897 longinqua
380 1831 453 1894 petit
460 1828 560 1894 puluis,
572 1830 724 1896 sonitusque
735 1829 840 1891 ruinae,

155 1904 319 1966 Securasque
324 1897 429 1968 fragor
440 1900 573 1951 concurrit
590 1898 716 1950 caesarie
727 1915 814 1950 auree.

159 1969 302 2029 Vtrumne,
315 1986 329 2018 ο
340 1968 407 2019 socii
413 1991 424 2028 ;
441 1968 537 2031 veniet,
549 1969 595 2036 qui
605 1968 720 2021 vindicet
730 1985 816 2032 arcer,

94 2041 144 2091 105
155 2039 231 2092 Dum
242 2036 379 2089 morimur.
406 2037 494 2088 Merit
504 2043 609 2090 tantum
620 2053 674 2089 vox
684 2039 729 2089 illa
741 2037 874 2100 furorem,

156 2110 292 2171 Quantum
303 2122 356 2156 non
370 2107 456 2172 primo
467 2109 634 2160 succendunt
645 2107 759 2158 classina
769 2113 865 2158 cantu:

153 2181 340 2244 Mirantesque
361 2177 463 2238 virum,
491 2184 572 2245 atque
593 2177 662 2227 avidi
684 2182 823 2242 spectare,
844 2191 892 2228 se·

628 2252 745 2313 quuutur

155 2316 255 2368 Scituri
267 2316 386 2377 iuvenes,
397 2330 510 2366 numero
521 2316 653 2381 deprensa
663 2314 788 2382 locoque,

154 2388 193 2437 An
205 2384 264 2452 pius
276 2400 356 2452 quam
368 2391 482 2434 mortem
495 2385 580 2435 virtus
592 2384 677 2434 daret.
706 2384 753 2434 Ille
764 2384 854 2435 ruenti

96 2460 146 2508 110
156 2457 262 2522 Aggere
275 2453 407 2515 etmsistit,
419 2454 586 2520 primumque
599 2452 733 2503 cadavera
744 2454 830 2520 plenis

156 2523 289 2574 Turribus
301 2520 409 2584 evolvit,
420 2522 620 2589 subeuntesque
632 2521 722 2572 obruit
731 2521 826 2574 hostes

156 2590 334 2659 Corporibus:
353 2596 483 2659 totaeque
494 2591 553 2643 viro
565 2592 630 2642 dant
639 2590 695 2642 telo
704 2592 813 2644 ruinae:

155 2662 320 2728 Roboraque
331 2665 360 2710 et
371 2660 456 2711 moles
466 2659 538 2711 hosti
549 2675 631 2727 seque
641 2660 700 2727 ipse
711 2662 838 2713 minatur.

154 2730 233 2782 Nunc
244 2729 321 2789 sude,
332 2743 402 2778 nune
413 2729 481 2779 duro
494 2729 631 2780 contraria
641 2736 755 2797 pectora
766 2736 851 2783 conto
