1956 3106
155 173 205 222 124
324 174 353 222 M
397 170 496 222 ANN.
533 170 712 221 LUCANl

53 341 56 345 ,
94 291 144 340 280
156 292 261 341 Invenit
271 292 411 357 impulsos,
423 305 517 357 presso
529 292 581 339 ianr
592 289 709 355 pulvere,
721 303 829 340 muros:

154 360 317 428 Frigidaque
328 367 358 410 ut
367 361 467 409 veteris
478 358 622 425 deprendit
632 360 708 424 signa
718 359 828 422 ruinae3

154 429 285 479 Accendit
295 444 348 494 pax
359 430 419 493 ipsa
427 429 490 489 loci,
501 429 638 494 movitque
648 426 769 477 furorem

154 499 322 563 Pompeiana
333 499 416 563 quies,
430 503 458 546 et
467 498 540 547 ricto
552 497 677 557 Caesare,
690 511 809 546 somnus.
863 530 871 547 .

156 568 198 617 lre
207 566 250 617 rel
260 568 287 615 in
298 565 389 616 clades
401 573 539 631 properat,
551 565 613 615 duur
623 565 723 630 gaudia
733 564 834 619 turbet.

95 636 145 686 285
158 637 299 701 Torquato
312 636 366 683 ruit
374 634 437 683 inde
448 635 551 683 minax:
571 634 615 700 qui
627 635 750 684 Caesaris
760 648 838 686 arma

156 703 269 770 Segnius
282 702 353 751 haud
363 703 439 763 vidit,
453 718 531 768 quam
544 703 615 751 malo
629 708 712 752 nauta
727 709 864 757 tremente
896 760 902 775 ¹

155 773 253 822 Omnia
263 772 375 820 Circeae
386 771 513 821 subducit
523 770 583 820 vela
594 771 741 837 procellae:

153 841 319 906 Agminaque
329 841 441 889 interius
455 854 530 889 muro
541 839 666 890 breviore
677 841 790 906 recepit,

154 908 271 958 Densius
281 920 312 958 ut
321 924 406 974 parva
418 909 577 975 disponeret
587 923 662 958 arma
673 923 785 960 corona.

95 977 145 1027 29⁰
208 978 368 1028 Transierat
379 979 458 1044 primi
470 979 570 1028 Caesar
580 979 727 1026 munimina
736 978 809 1040 valli,

155 1048 222 1097 Cum
234 1062 315 1112 super
327 1062 341 1098 e
353 1049 418 1098 totis
429 1047 518 1098 emisit
529 1046 641 1097 collibus
652 1061 758 1112 agmen,

154 1115 311 1183 Effuditque
324 1118 396 1167 acies
408 1116 550 1181 obseptum
561 1116 676 1182 Magnus
686 1117 713 1164 in
724 1113 841 1168 hostem.

154 1184 216 1236 Non
226 1187 265 1237 sic
276 1187 403 1237 Aetnaeis
414 1184 538 1235 habitans
547 1186 574 1235 in
584 1184 697 1234 vallibus
709 1182 805 1235 horret

154 1255 330 1317 Enceladum,
343 1256 462 1322 spirante
472 1252 556 1316 Noto,
567 1268 628 1304 cum
640 1259 699 1302 tota
709 1268 842 1307 caventes

94 1324 144 1374 295
155 1325 259 1392 Egerit,
271 1330 298 1375 et
308 1330 415 1375 torrens
425 1325 452 1374 in
463 1338 574 1388 campos
586 1321 679 1372 defluit
688 1323 788 1373 Aetna:

154 1395 278 1443 Caesaris
288 1397 319 1442 ut
328 1393 405 1443 miles
415 1392 569 1458 glomerato
582 1392 691 1457 pulvere
701 1392 790 1442 rictus

152 1463 221 1511 Ante
232 1462 327 1523 aciem,
339 1462 414 1510 caeci
424 1460 545 1525 trepidus
557 1461 606 1510 sub
617 1460 688 1510 nube
700 1461 808 1512 timoris

152 1530 285 1579 Hostibus
298 1531 418 1579 occurrit
428 1528 543 1596 fugiens,
553 1530 634 1596 inque
644 1530 705 1595 ipsa
714 1529 840 1595 pavendo

151 1598 222 1646 Fata
232 1599 294 1646 ruit.
324 1599 412 1647 'l'otus
423 1598 493 1647 mitti
504 1598 625 1648 civilibus
638 1599 719 1648 araris

91 1664 142 1714 300
152 1666 242 1731 Usque
253 1666 296 1715 vel
306 1667 332 1716 in
345 1681 440 1731 pacem
452 1668 542 1732 potuit
554 1681 646 1717 cruor:
675 1669 733 1734 ipse
749 1667 874 1723 furentes

152 1733 215 1784 Dux
226 1735 312 1785 tenuit
322 1735 435 1802 gladios.
463 1735 540 1785 Felix
551 1750 583 1786 ac
595 1736 688 1797 libera,
699 1737 790 1804 legum

152 1804 240 1854 Rome
250 1803 322 1854 fores
332 1805 452 1871 iurisque
461 1805 510 1865 tui,
522 1804 631 1855 vicisset
638 1807 666 1854 in
676 1805 723 1856 illo
736 1808 738 1812 ⁴
803 1862 805 1867 ,

153 1870 182 1922 Si
192 1874 242 1923 tibi
253 1871 327 1923 Sulla
336 1873 407 1923 loco.
426 1873 510 1924 Dolet
520 1872 582 1936 beu,
599 1889 760 1941 semperque
770 1875 886 1940 dolebit,

153 1942 232 2001 Quod
243 1941 384 2004 scelerum,
400 1943 509 2004 Caesar,
526 1943 637 2009 prodest
649 1944 697 1993 tibi
707 1960 814 1996 summa
823 1950 884 1997 tuo·

621 2028 689 2073 rum,

91 2078 142 2128 305
154 2079 219 2128 Cum
231 2095 332 2147 genero
345 2096 481 2147 pugnasse
490 2082 544 2146 pio.
576 2082 639 2142 Pro,
650 2083 739 2131 tristia
751 2080 823 2134 sata!

151 2146 212 2198 Non
224 2150 318 2200 Uticae
330 2149 420 2215 Libye
431 2150 531 2210 clades,
542 2151 675 2218 Hispania
684 2151 805 2202 Mundae

150 2216 269 2278 Flesset,
282 2224 309 2269 et
320 2218 431 2269 infando
443 2220 561 2285 pollutus
570 2221 699 2287 sanguine
711 2219 787 2270 Nilus

151 2284 273 2337 Nobilius
284 2285 384 2338 Phario
397 2294 532 2354 gestasset
543 2304 607 2354 rege
618 2289 746 2339 cadaver:

150 2353 208 2404 Nec
218 2356 286 2405 luba
295 2357 474 2408 Marmaricas
484 2357 571 2407 nudus
579 2360 722 2423 pressisset
734 2374 844 2424 arenas,

88 2420 140 2469 310
152 2424 359 2493 Poenorumque
368 2427 478 2476 umbras
490 2426 626 2491 placasset
637 2428 767 2493 sanguine
778 2427 841 2482 hiso

149 2490 253 2558 Scipio:
272 2508 322 2545 nec
333 2501 428 2545 sancto
441 2497 573 2545 caruisset
583 2497 638 2546 rita
649 2498 761 2547 Catone.

147 2561 262 2613 Ultimus
274 2578 333 2614 esse
346 2564 402 2614 dies
412 2565 502 2630 potuit
512 2564 570 2625 tibi,
582 2565 677 2627 Ronra,
688 2566 836 2619 malorum:

146 2630 361 2683 Exireemediis
371 2634 461 2699 potuit
472 2631 613 2684 Pharsalia
623 2635 695 2686 fatis.
913 2674 917 2683 .

198 2699 308 2750 Deserit
320 2701 434 2752 adverso
446 2716 597 2766 possessam
611 2707 717 2756 nurnine
728 2707 822 2758 sedern
906 2726 910 2765 ς
