1950 3218
139 127 156 174 4
323 124 360 172 ol.
396 121 496 172 ANN.
533 121 709 174 uocaui

140 243 197 292 Nec
209 258 238 293 se
251 243 338 291 Roma
349 240 448 291 ferens.
464 239 517 301 Sic,
531 257 620 307 quum,
633 257 765 308 compage
776 245 874 306 soluta,

141 310 257 360 Saecula
267 317 309 360 tot
320 310 410 360 mundi
423 325 549 375 suprema
561 312 682 375 coegerit
694 309 769 371 hora,

141 381 285 445 Antiquom
296 385 421 444 repetent
431 381 529 428 iterum
543 378 626 428 cbaos
637 381 740 440 rrnrnia;
756 382 847 430 mixtis

98 449 130 496 75
142 448 237 497 Sidera
249 449 382 498 sideribus
395 455 570 497 concurrent:
582 450 662 514 ignea
672 457 785 512 pontum

142 519 220 566 Astra
231 523 337 582 petent:
349 515 428 565 tellus
439 517 587 566 extendere
599 518 679 566 litora
689 516 771 575 nolet,

140 587 321 652 Excutietque
334 585 445 633 fretum:
457 583 534 632 fratri
547 587 685 635 contraria
696 583 805 634 Phoebe

200 657 259 713 lbit,
273 661 308 714 et,
320 653 456 718 obliquum
467 652 544 718 bigas
556 655 660 718 agitare
671 670 720 718 per
731 653 822 703 orbem

141 724 290 786 indignata,
303 721 372 769 diem
385 726 481 785 poscet
493 721 555 769 sibi:
568 727 680 787 totaque
693 723 796 772 discors

97 793 129 838 80
141 790 268 840 Machina
279 789 372 838 divulsi
385 789 505 839 turbabit
516 788 628 839 foedera
640 789 738 838 orandi.

141 861 169 907 ln
182 874 211 908 se
223 874 320 924 magua
331 867 423 907 ruunt:
436 858 515 907 laetis
527 855 597 908 hune
609 860 718 921 numina
730 858 809 908 rebus

142 928 285 976 t'rescendi
300 943 415 991 posuere
424 927 550 988 ‚modum3
564 943 613 976 nee
626 927 751 993 gentibus
763 928 827 986 ullis¹

143 997 304 1045 (annmodat
321 998 347 1045 in
364 997 506 1061 populum,
528 1003 617 1046 terrae
630 997 772 1064 pelagique
784 1006 878 1062 poten·

616 1073 680 1128 tem,

144 1136 274 1184 iuvidiam
287 1136 408 1185 Fortuna
420 1149 504 1183 sumn.
542 1135 585 1184 Tu
596 1150 694 1184 caussa
704 1135 846 1195 malorum,
900 1155 911 1169 »τ

102 1205 134 1253 85
145 1206 232 1256 Facta
244 1205 331 1255 tribus
344 1204 459 1253 dominis
471 1206 635 1264 communis,
648 1205 746 1264 ilonia,
763 1220 814 1254 nec
826 1220 881 1254 um·

620 1289 698 1340 quam

145 1343 174 1391 ln
187 1341 292 1391 turbam
304 1344 377 1391 missi
389 1342 485 1392 feralia
496 1341 608 1392 foedera
620 1343 703 1408 regui.

146 1413 168 1457 0
182 1411 251 1458 male
264 1410 413 1459 concordes
427 1413 561 1475 nimiaque
574 1411 697 1473 cupidine
709 1410 793 1470 cacei,

147 1478 216 1536 Quid
228 1479 341 1526 miscere
352 1479 514 1534 iuraturos,
528 1478 674 1540 orbemque
687 1481 780 1524 tenere

144 1546 173 1594 ln
186 1543 295 1593 mediol
315 1545 385 1592 Ilum
397 1551 471 1593 terra
481 1544 589 1602 fretum,
601 1550 755 1608 terramque
766 1542 866 1591 levabit

102 1613 134 1663 90
147 1617 207 1673 Aer,
220 1619 247 1662 et
259 1613 331 1678 longi
343 1612 451 1661 volvent
463 1613 563 1660 'l'itana
575 1611 690 1671 labores,

117 1708 120 1715 ⁴
144 1682 258 1747 Noxque
270 1681 339 1730 diem
353 1681 430 1730 coelo
441 1680 555 1729 totidem
568 1695 616 1744 per
627 1682 703 1745 signa
714 1684 851 1744 sequetur.

144 1750 224 1803 Nulla
234 1750 301 1799 tides
313 1751 387 1814 regni
400 1751 490 1805 sociis,
502 1751 641 1814 omnisque
655 1755 776 1812 potestas

144 1820 291 1883 Impatiens
303 1819 437 1867 consortis
449 1819 508 1866 erit.
545 1817 602 1866 Nec
613 1817 738 1883 gentibus
749 1816 808 1866 ullis

146 1887 262 1946 Credite,
273 1901 324 1935 nec
335 1886 414 1952 longe
427 1885 544 1935 fatorum
558 1887 682 1951 exempla
695 1893 829 1952 petantur.

101 1958 134 2006 05
145 1958 278 2006 Fraterno
289 1956 367 2019 primi
378 1956 539 2004 maduerunt
550 1957 680 2023 sanguine
691 1957 768 2005 muri.

145 2024 202 2074 Nec
213 2025 329 2088 pretium
337 2027 407 2086 tanti
421 2025 499 2074 tellus
511 2034 663 2092 pontusque
674 2025 773 2075 furrrris

146 2096 224 2144 Tunc
236 2098 307 2142 erat:
321 2095 445 2159 exiguum
459 2094 583 2145 dominos
595 2097 729 2144 commisit
741 2092 853 2156 asylum.

198 2163 343 2226 Temporis
355 2164 461 2230 angusti
473 2166 572 2214 ntansit
585 2162 731 2214 concordia
742 2160 861 2222 discursu
897 2184 900 2188 ·

146 2232 258 2298 Paxque
270 2231 320 2280 suit
331 2248 384 2282 non
397 2239 493 2297 sponte
506 2233 612 2283 ducum.
649 2231 716 2280 Nam
729 2228 787 2278 sola
798 2228 879 2278 futrui

87 2304 136 2349 loo
149 2303 262 2351 Crassus
275 2308 334 2351 erat
343 2301 406 2351 belli
418 2303 521 2351 medius
532 2317 616 2350 mora.
637 2299 767 2359 Qualiter,
779 2298 864 2347 undas

147 2364 881 2436 Quisecatetgeminum‹rr-aeilismareseparatisthmos

144 2437 203 2486 Nee
214 2440 316 2502 patitur
327 2439 451 2489 conferre
461 2411 574 2498 lectum,
585 2440 606 2487 si
619 2445 693 2487 terra
705 2436 824 2497 recedat,

146 2506 250 2555 lonium
261 2508 369 2572 Aegaeo
381 2507 489 2573 franget
500 2523 587 2557 mare:
599 2509 646 2568 sic,
657 2506 711 2566 ubi,
723 2520 805 2555 saera

146 2576 229 2623 Arma
239 2574 336 2624 ducum
349 2576 485 2635 dirimens,
497 2576 650 2626 miserando
662 2575 757 2625 funere
769 2576 881 2626 Crassus

88 2641 137 2691 lo5
148 2644 273 2707 Assyrias
285 2642 367 2695 Latio
378 2645 523 2696 macularit
534 2647 664 2714 sanguine
677 2647 783 2708 Carras,
