1950 3218
205 233 221 283 6
374 234 411 282 Μ.
448 232 547 283 ΑΜ.
585 233 762 282 Lucrini

145 353 195 402 140
206 351 365 413 Effundens,
377 359 482 414 trunco,
495 369 547 402 non
556 352 705 411 frondibus,
713 352 937 418 etliritumlnam3

205 421 241 471 Et
252 422 372 487 quamvis
384 423 469 486 punio
480 428 558 471 nutet
569 435 665 471 casura
674 420 722 470 sub
733 420 816 479 Euro,

206 492 262 539 Tot
272 491 373 539 circum
384 489 466 538 silvae
475 490 553 538 firmo
564 505 593 539 se
605 489 703 539 robore
716 488 821 546 tollant,
941 526 951 540 „

206 558 271 608 Sola
282 564 372 608 tamen
384 558 489 606 colitur.
527 557 581 606 Sed
592 573 645 608 nen
653 561 681 607 in
693 558 807 607 Caesare
819 563 923 606 tantum

205 626 309 679 Nomen
323 633 389 685 erat,
401 641 451 675 nec
462 626 536 676 fama
546 627 634 675 ducis:
647 627 694 675 sed
706 626 797 675 nescia
808 626 892 674 virtus

145 696 195 744 115
207 694 285 744 Stare
295 695 368 743 loeo:
380 694 505 760 solusque
520 695 614 760 pudor,
627 709 680 743 non
691 696 798 743 vincere
808 692 887 743 bello.
944 752 949 758 ,

205 765 274 812 Acer
285 767 313 811 et
322 763 482 831 indomitus3
496 779 548 830 quo
561 776 745 827 spes‚quoque
755 763 797 810 ira
803 769 936 819 vocasset,
950 816 952 820 λ

204 832 287 880 Ferre
306 845 429 893 manum,
452 838 479 880 et
490 847 633 897 numquam
651 829 808 879 tennerande
825 845 936 893 pureere

675 897 761 948 ferro:

205 967 352 1018 Successus
362 984 460 1034 urgere
471 983 543 1028 suos,
556 971 657 1017 instare
668 967 754 1017 favori

203 1036 338 1087 Numinis:
349 1037 489 1102 impellens
500 1037 628 1104 quidquid
640 1037 699 1096 sibi,
710 1051 815 1086 sunnna
826 1038 937 1101 petenti,

145 1106 194 1155 150
206 1107 343 1169 Obstaret,
354 1107 527 1174 gaudensque
538 1108 608 1155 nam
620 1104 718 1155 fecisse
729 1107 813 1154 ruina.

137 1191 140 1196 '
205 1176 328 1236 Qualiter
338 1190 495 1242 expressum
507 1177 593 1226 ventis
604 1190 652 1240 per
663 1175 753 1224 nubila
764 1174 863 1224 sulrnen

204 1244 327 1297 Aetheris
340 1246 448 1310 impulsi
459 1247 558 1307 sonitu,
571 1245 713 1310 mundique
725 1242 833 1309 fragore

204 1316 330 1376 Emicuit,
341 1317 467 1381 rupitque
479 1315 558 1375 diem,
570 1314 739 1379 populosque
750 1313 872 1378 parentis

206 1384 331 1442 'l'erruit,
343 1382 452 1447 obliqua
462 1385 663 1447 praestringens
675 1382 775 1430 lumina
786 1380 903 1439 flamma,

144 1451 194 1499 155
205 1453 233 1499 ln
246 1465 295 1500 sua
304 1449 406 1513 templa
417 1449 493 1497 fruit:
506 1450 631 1513 nullaque
643 1450 717 1497 exire
734 1454 841 1497 vetante

203 1520 328 1579 Materia,
340 1531 519 1582 magnamque
532 1516 645 1575 cadens,
657 1530 835 1580 magnamque
847 1530 935 1563 rever-

674 1590 734 1631 tens

204 1656 259 1704 Dat
270 1661 388 1721 stragem
399 1655 461 1713 late,
473 1666 636 1716 sparsosque
647 1650 782 1716 recolligit
791 1653 876 1715 ignes.

256 1723 316 1773 Hae
337 1723 449 1772 ducibus
472 1734 583 1770 caussae
600 1719 740 1769 suberant:
767 1719 815 1768 scd
829 1719 937 1784 publica

676 1789 735 1838 belli
961 1792 964 1797 ’

205 1860 322 1920 Semina,
334 1874 402 1925 quae
414 1858 527 1924 populos
539 1872 646 1922 semper
655 1872 774 1907 mersere
785 1863 918 1921 potentes.

145 1929 194 1978 too
204 1929 326 1995 Namque
337 1934 367 1977 ut
379 1943 445 1992 opes
456 1926 555 1976 mundo
567 1928 662 1976 nirrrias
675 1926 784 1976 fortuna
796 1926 910 1975 subaeto

204 1998 297 2048 intulit
308 2004 336 2047 et
346 1997 425 2046 rebus
438 2011 527 2045 mores
540 2011 646 2046 cessere
659 1996 792 2057 secundis,

205 2067 364 2132 Praedaque
377 2073 404 2116 et
414 2064 526 2115 hostiles
536 2065 627 2115 luxum
638 2080 748 2116 suasere
759 2065 882 2127 rapinae:

205 2136 265 2187 Non
277 2150 352 2197 auro,
365 2137 497 2202 tectisque
508 2136 615 2185 medus:
632 2147 790 2197 mensasque
801 2132 905 2195 priores
923 2144 926 2151 ·

205 2209 355 2272 Aspernata
365 2204 463 2255 fames:
476 2205 572 2265 cultus,
584 2210 692 2270 gestare
705 2202 820 2250 decoros

145 2275 194 2324 165
206 2276 259 2326 Vix
269 2274 389 2335 nuribus,
402 2289 517 2339 rapuere
529 2288 629 2321 mares:
640 2269 776 2320 foecunda
785 2269 904 2316 virorum

205 2345 354 2408 Paupertas
365 2343 479 2410 fugitum
492 2346 606 2406 totoque
616 2340 764 2388 accersitur
775 2336 849 2395 orbe,

207 2414 266 2472 Quo
278 2427 344 2478 gens
357 2410 561 2479 quaequeperit.
575 2404 936 2473 'l'umlongosiungereiines

203 2483 344 2546 Agrorum,
357 2486 386 2529 et
398 2476 531 2546 quondam
542 2478 609 2527 duro
621 2477 726 2526 sulcata
738 2473 841 2524 Camilli

203 2549 332 2608 Vomere,
343 2555 371 2597 et
382 2551 506 2614 antiquos
519 2547 659 2596 Curiorum
672 2558 753 2609 passa
763 2543 867 2610 ligones

87 2631 89 2636 ’
143 2620 194 2669 170
204 2617 302 2684 Longa
312 2616 360 2666 sub
371 2619 471 2684 ignotis
483 2614 629 2667 extendere
642 2629 706 2663 rura
716 2613 828 2663 colonis.

203 2685 263 2736 Non
275 2691 334 2735 erat
343 2686 365 2735 is
377 2687 501 2751 populus,
512 2699 591 2750 quem
603 2697 656 2749 pax
665 2681 810 2749 tranquilla
820 2683 956 2737 iuraret,x

203 2756 289 2816 Quem
300 2770 348 2804 sua
359 2755 469 2804 libertas
481 2755 599 2803 immotis
611 2757 736 2818 pasceret
747 2752 835 2800 armis.
