1956 3106
152 148 203 196 154
324 149 361 197 bl.
397 146 497 197 ANK.
535 146 716 198 [luculli

151 267 234 334 lnque
247 267 326 316 dedm
337 268 445 333 templis
455 267 555 317 iurabit
565 268 652 316 Roma
664 282 712 332 per
723 268 843 320 umbras.

84 334 142 385 460
207 334 241 386 Ut
251 337 347 402 rapido
360 353 440 386 cursu
451 336 501 385 sati
512 350 640 400 suprema
650 344 803 385 morantem

152 406 332 455 Consumsere
343 406 446 454 locum:
466 419 551 471 parva
561 404 657 453 tellure
669 404 786 465 diremti,

152 474 217 523 lnde
231 489 325 524 manus
337 480 474 539 spectant,
487 473 629 539 vultusque
642 487 792 539 agnoscere
806 490 890 541 quae·

628 549 699 601 runt,

154 611 214 671 Quo
225 627 275 661 sua
284 611 339 676 pila
351 610 459 672 cadant,
472 616 518 660 aut
529 624 599 676 quae
610 610 661 659 sibi
672 608 730 660 iata
740 612 890 673 minentur,

150 680 263 730 Facturi
274 694 342 746 quae
354 687 477 728 monstra
488 678 587 729 forent.
613 678 715 729 Videre
727 687 857 744 parentes

89 746 141 798 465
154 748 301 798 Frontibus
312 748 441 810 adversis,
454 747 628 813 fraternaque
640 749 791 797 comminus
803 763 889 809 anua,

152 815 210 866 Nee
220 816 298 866 libuit
308 823 413 865 mutare
424 817 527 867 locum:
547 821 638 865 tamen
650 817 741 864 omnia
750 823 849 882 torpor

151 885 271 934 Pectora
282 887 456 935 constrinxit:
465 885 623 951 gelidusque
628 886 656 933 in
661 885 768 933 viscera
778 888 890 953 sanguis

152 953 287 1004 Percussa
297 956 399 1020 pietate
411 956 479 1004 coit:
498 959 628 1019 totaeque
640 951 768 1003 cohortes

152 1021 212 1071 Pila
222 1031 319 1087 parata
331 1023 376 1074 diu
387 1024 471 1074 tensis
482 1029 593 1072 tenuere
605 1023 724 1071 lacertis.

89 1089 143 1138 4Ίο
154 1090 191 1141 Di
200 1092 248 1141 tibi
259 1108 313 1143 non
322 1098 452 1154 mortem,
470 1106 538 1159 quae
550 1092 654 1141 cunctis
665 1105 756 1155 poena
766 1098 890 1157 paratur,

152 1158 207 1210 Sed
217 1176 326 1212 sensum
338 1171 400 1228 post
410 1161 468 1211 iata
477 1168 541 1210 tuae
552 1160 625 1220 dent,
638 1160 769 1220 Crastine,
782 1162 876 1221 morti,

153 1230 234 1280 Cuius
244 1236 318 1280 torta
327 1246 408 1280 manu
420 1230 555 1280 commisit
564 1229 661 1279 lancea
669 1227 779 1289 bellum,

151 1297 296 1366 Primaque
307 1298 477 1349 Thessaliam
486 1298 609 1349 Romano
621 1298 752 1364 sanguine
762 1300 853 1348 tinxit.

152 1366 175 1417 O
187 1382 319 1434 praeceps
331 1369 430 1429 rabies,
443 1384 504 1418 cum
515 1368 616 1418 Caesar
626 1366 683 1416 tela
691 1372 809 1428 teneret,

86 1433 141 1483 4¹15
153 1435 267 1486 Inventa
277 1444 319 1486 est
328 1439 403 1502 prior
413 1437 469 1486 ulla
480 1435 588 1486 manus!
608 1437 686 1485 Tunc
698 1435 829 1486 stridulus
840 1452 889 1487 aer

150 1504 240 1554 Elisus
250 1506 332 1567 lituis,
346 1512 533 1571 conceptaque
547 1505 662 1555 classica
673 1519 774 1554 cornus

151 1572 230 1621 Tunc
241 1587 323 1622 ausae
335 1573 401 1622 dare
410 1572 587 1639 signatubae:
600 1575 888 1637 tuncaethcratendit‚

150 1640 327 1707 Extremique
339 1640 433 1708 fragor
446 1656 568 1692 convexa
578 1643 677 1708 irrupit
686 1641 807 1708 Olympi,

150 1708 227 1759 Unde
237 1710 333 1776 procul
344 1710 438 1772 nubes,
450 1725 502 1777 quo
514 1711 586 1760 nulla
597 1713 719 1761 tonitrua
730 1711 839 1761 durant.

88 1774 140 1826 48⁰
151 1778 269 1845 Excepit
279 1778 384 1830 resonis
395 1780 541 1830 clamorem
553 1781 666 1830 vallibus
676 1781 785 1841 Aemus,

150 1846 318 1916 Peliacisque
330 1849 405 1899 dedit
416 1865 509 1899 rursus
520 1851 658 1916 geminare
671 1850 807 1900 cavernis:

150 1916 251 1968 Pindus
265 1919 322 1984 agit
331 1917 464 1980 fremitus,
476 1919 658 1985 Pangaeaque
666 1932 734 1967 saxa
743 1919 887 1982 resultant,

151 1985 326 2054 Oetaeaeque
337 1994 448 2054 gemunt
459 2003 555 2053 rupes:
574 2002 710 2054 vocesque
722 1986 824 2039 furoris

53 2096 57 2103 .
150 2054 294 2122 Expavere
306 2059 347 2106 sui
358 2062 419 2106 tota
427 2057 523 2106 tellure
534 2056 643 2107 relatas.

88 2122 141 2173 485
153 2123 298 2193 Spargitur
308 2127 477 2176 innumerum
490 2126 603 2176 diversis
614 2125 714 2176 missile
725 2128 805 2177 rutis.

150 2194 272 2245 Vulnera
282 2211 345 2261 pars
358 2201 444 2261 optat,
456 2211 519 2261 pars
530 2201 620 2245 terrae
634 2195 718 2261 figere
729 2195 795 2258 tela,

149 2265 188 2314 Ac
198 2279 280 2330 puras
291 2280 401 2315 servare
411 2280 514 2314 manns.
543 2265 625 2329 Rapit
635 2265 726 2313 omnia
739 2279 829 2327 casus,

149 2334 237 2401 Atque
247 2334 351 2384 ineerta
362 2333 437 2393 facit,
450 2348 517 2399 quos
528 2333 593 2394 vult,
605 2330 728 2383 Fortuna
743 2341 884 2385 nocentes.

149 2399 203 2452 Sed
215 2408 299 2469 quota
309 2418 372 2469 pars
384 2402 468 2452 cladis
479 2403 574 2452 iaculis
585 2402 713 2469 ferroque
723 2403 828 2453 volanti

83 2466 138 2517 490
149 2471 256 2521 Exacta
268 2471 327 2522 esti
355 2471 431 2521 Odiis
442 2471 515 2522 solus
528 2472 650 2522 civilibus
660 2472 732 2521 ensis

148 2537 263 2600 Sufficit,
275 2547 303 2591 et
314 2541 424 2591 dextras
435 2542 558 2591 Romana
566 2543 594 2591 in
604 2542 711 2590 viscera
722 2539 807 2590 ducit.

147 2608 269 2674 Pompeii
281 2610 370 2660 densis
382 2612 455 2660 acies
467 2612 568 2675 stipata
578 2611 704 2671 catervis,
868 2666 872 2673 ¹

145 2676 275 2728 Iunxerat
284 2680 311 2728 in
322 2681 420 2730 seriem
432 2681 508 2729 nexis
519 2679 680 2730 umbonibus
691 2693 776 2730 arma.
845 2738 849 2745 ¹
889 2720 895 2740 ,
