<?xml version="1.0" encoding="UTF-8"?>
<!DOCTYPE html PUBLIC "-//W3C//DTD XHTML 1.0 Transitional//EN"
    "http://www.w3.org/TR/xhtml1/DTD/xhtml1-transitional.dtd">
<html xmlns="http://www.w3.org/1999/xhtml" xml:lang="en" lang="en">
 <head>
  <title>
</title>
<meta http-equiv="Content-Type" content="text/html;charset=utf-8" />
  <meta name='ocr-system' content='tesseract 3.04.00' />
  <meta name='ocr-capabilities' content='ocr_page ocr_carea ocr_par ocr_line ocrx_word'/>
</head>
<body>
  <div class='ocr_page' id='page_1' title='image "./mannaeilucaniph01lucagoog_0242.png"; bbox 0 0 1950 3218; ppageno 0'>
   <div class='ocr_carea' id='block_1_1' title="bbox 224 178 831 234">
    <p class='ocr_par' dir='ltr' id='par_1_1' title="bbox 224 178 831 234">
     <span class='ocr_line' id='line_1_1' title="bbox 224 178 831 234; baseline 0.003 -2"><span class='ocrx_word' id='word_1_1' title='bbox 224 178 697 233; x_wconf 81' lang='lat' dir='ltr'><strong>PHARSALIA.L1B.X.</strong></span> <span class='ocrx_word' id='word_1_2' title='bbox 777 184 831 234; x_wconf 71' lang='lat'><strong><em>233</em></strong></span> 
     </span>
    </p>
   </div>
   <div class='ocr_carea' id='block_1_2' title="bbox 88 297 890 2779">
    <p class='ocr_par' dir='ltr' id='par_1_2' title="bbox 92 297 784 365">
     <span class='ocr_line' id='line_1_2' title="bbox 92 297 784 365; baseline 0 -12"><span class='ocrx_word' id='word_1_3' title='bbox 92 301 241 362; x_wconf 76' lang='lat' dir='ltr'><strong><em>Montibus,</em></strong></span> <span class='ocrx_word' id='word_1_4' title='bbox 253 312 301 352; x_wconf 93' lang='lat' dir='ltr'><strong><em>aut</em></strong></span> <span class='ocrx_word' id='word_1_5' title='bbox 311 300 424 352; x_wconf 87' lang='lat' dir='ltr'><strong><em>Boreas.</em></strong></span> <span class='ocrx_word' id='word_1_6' title='bbox 456 297 544 350; x_wconf 86' lang='lat' dir='ltr'><strong><em>Testis</em></strong></span> <span class='ocrx_word' id='word_1_7' title='bbox 556 298 607 349; x_wconf 91' lang='lat' dir='ltr'><strong><em>tibi</em></strong></span> <span class='ocrx_word' id='word_1_8' title='bbox 617 301 669 350; x_wconf 84' lang='lat' dir='ltr'><strong><em>sote</em></strong></span> <span class='ocrx_word' id='word_1_9' title='bbox 677 302 784 365; x_wconf 88' lang='lat' dir='ltr'><strong><em>perusti</em></strong></span> 
     </span>
    </p>

    <p class='ocr_par' dir='ltr' id='par_1_3' title="bbox 90 367 760 436">
     <span class='ocr_line' id='line_1_3' title="bbox 90 367 760 436; baseline -0.003 -14"><span class='ocrx_word' id='word_1_10' title='bbox 90 372 152 436; x_wconf 81' lang='lat' dir='ltr'><strong><em>Ipso</em></strong></span> <span class='ocrx_word' id='word_1_11' title='bbox 162 373 235 421; x_wconf 86' lang='lat' dir='ltr'><strong><em>aotor</em></strong></span> <span class='ocrx_word' id='word_1_12' title='bbox 243 370 347 436; x_wconf 85' lang='lat' dir='ltr'><strong><em>popuii,</em></strong></span> <span class='ocrx_word' id='word_1_13' title='bbox 359 369 491 434; x_wconf 82' lang='lat' dir='ltr'><strong><em>calidique</em></strong></span> <span class='ocrx_word' id='word_1_14' title='bbox 502 367 646 434; x_wconf 75' lang='lat' dir='ltr'><em>vaporibus</em></span> <span class='ocrx_word' id='word_1_15' title='bbox 656 370 760 421; x_wconf 76' lang='lat' dir='ltr'><strong><em>riustri.</em></strong></span> 
     </span>
    </p>

    <p class='ocr_par' dir='ltr' id='par_1_4' title="bbox 90 436 825 505">
     <span class='ocr_line' id='line_1_4' title="bbox 90 436 825 505; baseline -0.001 -14"><span class='ocrx_word' id='word_1_16' title='bbox 90 441 174 501; x_wconf 79' lang='lat' dir='ltr'><strong><em>Adae,</em></strong></span> <span class='ocrx_word' id='word_1_17' title='bbox 185 441 255 505; x_wconf 93' lang='lat' dir='ltr'><strong><em>quod</em></strong></span> <span class='ocrx_word' id='word_1_18' title='bbox 266 455 340 490; x_wconf 85' lang='lat' dir='ltr'><strong><em>ornae</em></strong></span> <span class='ocrx_word' id='word_1_19' title='bbox 352 436 531 504; x_wconf 77' lang='lat' dir='ltr'><strong><em>caputflurii,</em></strong></span> <span class='ocrx_word' id='word_1_20' title='bbox 544 438 725 504; x_wconf 80' lang='lat' dir='ltr'><strong><em>quodcumque</em></strong></span> <span class='ocrx_word' id='word_1_21' title='bbox 736 441 825 491; x_wconf 87' lang='lat' dir='ltr'><strong><em>soluta</em></strong></span> 
     </span>
    </p>

    <p class='ocr_par' dir='ltr' id='par_1_5' title="bbox 91 506 728 577">
     <span class='ocr_line' id='line_1_5' title="bbox 91 506 728 577; baseline -0.005 -16"><span class='ocrx_word' id='word_1_22' title='bbox 91 509 269 576; x_wconf 77' lang='lat' dir='ltr'><strong><em>Praecipitat</em></strong></span> <span class='ocrx_word' id='word_1_23' title='bbox 276 508 394 577; x_wconf 87' lang='lat' dir='ltr'><strong><em>glacies,</em></strong></span> <span class='ocrx_word' id='word_1_24' title='bbox 404 506 524 573; x_wconf 87' lang='lat' dir='ltr'><strong><em>ingresso</em></strong></span> <span class='ocrx_word' id='word_1_25' title='bbox 534 521 594 556; x_wconf 86' lang='lat' dir='ltr'><strong><em>uere</em></strong></span> <span class='ocrx_word' id='word_1_26' title='bbox 605 508 728 558; x_wconf 89' lang='lat' dir='ltr'><strong><em>tumescit</em></strong></span> 
     </span>
    </p>

    <p class='ocr_par' dir='ltr' id='par_1_6' title="bbox 92 575 889 639">
     <span class='ocr_line' id='line_1_6' title="bbox 92 575 889 639; baseline -0.003 -10"><span class='ocrx_word' id='word_1_27' title='bbox 92 579 190 629; x_wconf 87' lang='lat' dir='ltr'><strong><em>Prima</em></strong></span> <span class='ocrx_word' id='word_1_28' title='bbox 202 578 263 628; x_wconf 81' lang='lat' dir='ltr'><strong><em>tabe</em></strong></span> <span class='ocrx_word' id='word_1_29' title='bbox 273 577 353 629; x_wconf 84' lang='lat' dir='ltr'><strong><em>niuis:</em></strong></span> <span class='ocrx_word' id='word_1_30' title='bbox 374 575 455 625; x_wconf 74' lang='lat' dir='ltr'><strong><em>Nilus</em></strong></span> <span class='ocrx_word' id='word_1_31' title='bbox 467 591 550 639; x_wconf 88' lang='lat' dir='ltr'><strong><em>neque</em></strong></span> <span class='ocrx_word' id='word_1_32' title='bbox 561 576 676 626; x_wconf 86' lang='lat' dir='ltr'><strong><em>suscitat</em></strong></span> <span class='ocrx_word' id='word_1_33' title='bbox 688 579 776 629; x_wconf 91' lang='lat' dir='ltr'><strong><em>undas</em></strong></span> <span class='ocrx_word' id='word_1_34' title='bbox 835 578 889 628; x_wconf 69' lang='grc'><strong><em>225</em></strong></span> 
     </span>
    </p>

    <p class='ocr_par' dir='ltr' id='par_1_7' title="bbox 91 644 738 710">
     <span class='ocr_line' id='line_1_7' title="bbox 91 644 738 710; baseline -0.005 -11"><span class='ocrx_word' id='word_1_35' title='bbox 91 648 162 699; x_wconf 79' lang='lat' dir='ltr'><strong><em>Ante</em></strong></span> <span class='ocrx_word' id='word_1_36' title='bbox 177 646 259 698; x_wconf 83' lang='lat' dir='ltr'><strong><em>Canis</em></strong></span> <span class='ocrx_word' id='word_1_37' title='bbox 271 647 372 705; x_wconf 89' lang='lat' dir='ltr'><strong><em>radios,</em></strong></span> <span class='ocrx_word' id='word_1_38' title='bbox 383 661 431 696; x_wconf 88' lang='lat' dir='ltr'><strong><em>nec</em></strong></span> <span class='ocrx_word' id='word_1_39' title='bbox 441 644 509 710; x_wconf 91' lang='lat' dir='ltr'><strong><em>ripis</em></strong></span> <span class='ocrx_word' id='word_1_40' title='bbox 519 644 626 710; x_wconf 82' lang='lat' dir='ltr'><strong><em>adligat</em></strong></span> <span class='ocrx_word' id='word_1_41' title='bbox 636 661 738 697; x_wconf 86' lang='lat' dir='ltr'><strong><em>ausncm</em></strong></span> 
     </span>
    </p>

    <p class='ocr_par' dir='ltr' id='par_1_8' title="bbox 93 712 780 782">
     <span class='ocr_line' id='line_1_8' title="bbox 93 712 780 782; baseline -0.003 -13"><span class='ocrx_word' id='word_1_42' title='bbox 93 717 164 769; x_wconf 82' lang='lat' dir='ltr'><strong><em>Ante</em></strong></span> <span class='ocrx_word' id='word_1_43' title='bbox 171 732 266 782; x_wconf 90' lang='lat' dir='ltr'><strong><em>parem</em></strong></span> <span class='ocrx_word' id='word_1_44' title='bbox 277 715 363 774; x_wconf 88' lang='lat' dir='ltr'><strong><em>nocti,</em></strong></span> <span class='ocrx_word' id='word_1_45' title='bbox 373 713 458 764; x_wconf 84' lang='lat' dir='ltr'><strong><em>Libra</em></strong></span> <span class='ocrx_word' id='word_1_46' title='bbox 471 712 517 763; x_wconf 90' lang='lat' dir='ltr'><strong><em>sub</em></strong></span> <span class='ocrx_word' id='word_1_47' title='bbox 529 712 625 773; x_wconf 76' lang='lat' dir='ltr'><strong><em>iudice,</em></strong></span> <span class='ocrx_word' id='word_1_48' title='bbox 637 714 780 766; x_wconf 77' lang='lat' dir='ltr'><em>Phoebum.</em></span> 
     </span>
    </p>

    <p class='ocr_par' dir='ltr' id='par_1_9' title="bbox 92 782 717 852">
     <span class='ocr_line' id='line_1_9' title="bbox 92 782 717 852; baseline -0.005 -14"><span class='ocrx_word' id='word_1_49' title='bbox 92 786 156 838; x_wconf 86' lang='lat' dir='ltr'><strong><em>Inde</em></strong></span> <span class='ocrx_word' id='word_1_50' title='bbox 168 785 251 835; x_wconf 89' lang='lat' dir='ltr'><strong><em>ctiam</em></strong></span> <span class='ocrx_word' id='word_1_51' title='bbox 262 788 332 852; x_wconf 88' lang='lat' dir='ltr'><strong><em>teges</em></strong></span> <span class='ocrx_word' id='word_1_52' title='bbox 346 782 462 834; x_wconf 85' lang='lat' dir='ltr'><strong><em>aliarum</em></strong></span> <span class='ocrx_word' id='word_1_53' title='bbox 473 782 555 832; x_wconf 87' lang='lat' dir='ltr'><strong><em>nescit</em></strong></span> <span class='ocrx_word' id='word_1_54' title='bbox 567 797 717 846; x_wconf 77' lang='lat' dir='ltr'><strong><em>aquarum:</em></strong></span> 
     </span>
    </p>

    <p class='ocr_par' dir='ltr' id='par_1_10' title="bbox 91 852 751 921">
     <span class='ocr_line' id='line_1_10' title="bbox 91 852 751 921; baseline -0.003 -15"><span class='ocrx_word' id='word_1_55' title='bbox 91 853 146 906; x_wconf 76' lang='lat' dir='ltr'><strong><em>Nec</em></strong></span> <span class='ocrx_word' id='word_1_56' title='bbox 158 863 245 904; x_wconf 88' lang='lat' dir='ltr'><strong><em>tumet</em></strong></span> <span class='ocrx_word' id='word_1_57' title='bbox 255 853 384 921; x_wconf 81' lang='lat' dir='ltr'><strong><em>bqbernus</em></strong></span> <span class='ocrx_word' id='word_1_58' title='bbox 391 888 398 912; x_wconf 94' lang='lat'>,</span> <span class='ocrx_word' id='word_1_59' title='bbox 412 867 479 911; x_wconf 91' lang='lat' dir='ltr'><strong><em>cum,</em></strong></span> <span class='ocrx_word' id='word_1_60' title='bbox 491 852 568 916; x_wconf 86' lang='lat' dir='ltr'><strong><em>tange</em></strong></span> <span class='ocrx_word' id='word_1_61' title='bbox 578 853 630 902; x_wconf 86' lang='lat' dir='ltr'><strong><em>soie</em></strong></span> <span class='ocrx_word' id='word_1_62' title='bbox 640 863 751 914; x_wconf 82' lang='lat' dir='ltr'><strong><em>remoto,</em></strong></span> 
     </span>
    </p>

    <p class='ocr_par' dir='ltr' id='par_1_11' title="bbox 93 918 890 988">
     <span class='ocr_line' id='line_1_11' title="bbox 93 918 890 988; baseline -0.001 -14"><span class='ocrx_word' id='word_1_63' title='bbox 93 921 200 988; x_wconf 87' lang='lat' dir='ltr'><strong><em>Officiis</em></strong></span> <span class='ocrx_word' id='word_1_64' title='bbox 211 932 285 973; x_wconf 88' lang='lat' dir='ltr'><strong><em>caret</em></strong></span> <span class='ocrx_word' id='word_1_65' title='bbox 296 923 370 974; x_wconf 88' lang='lat' dir='ltr'><strong><em>unda</em></strong></span> <span class='ocrx_word' id='word_1_66' title='bbox 381 920 451 970; x_wconf 79' lang='lat' dir='ltr'><strong><em>suis:</em></strong></span> <span class='ocrx_word' id='word_1_67' title='bbox 470 919 536 968; x_wconf 88' lang='lat' dir='ltr'><strong><em>dare</em></strong></span> <span class='ocrx_word' id='word_1_68' title='bbox 548 918 634 969; x_wconf 88' lang='lat' dir='ltr'><strong><em>iussus</em></strong></span> <span class='ocrx_word' id='word_1_69' title='bbox 646 921 737 986; x_wconf 88' lang='lat' dir='ltr'><strong><em>iniquo</em></strong></span> <span class='ocrx_word' id='word_1_70' title='bbox 834 923 890 974; x_wconf 72' lang='lat'><strong><em>230</em></strong></span> 
     </span>
    </p>

    <p class='ocr_par' dir='ltr' id='par_1_12' title="bbox 96 988 693 1057">
     <span class='ocr_line' id='line_1_12' title="bbox 96 988 693 1057; baseline -0.007 -14"><span class='ocrx_word' id='word_1_71' title='bbox 96 992 259 1057; x_wconf 80' lang='lat' dir='ltr'><strong><em>Temperiem</em></strong></span> <span class='ocrx_word' id='word_1_72' title='bbox 270 994 354 1051; x_wconf 88' lang='lat' dir='ltr'><strong><em>cocto,</em></strong></span> <span class='ocrx_word' id='word_1_73' title='bbox 364 988 458 1040; x_wconf 90' lang='lat' dir='ltr'><strong><em>mediis</em></strong></span> <span class='ocrx_word' id='word_1_74' title='bbox 469 988 616 1038; x_wconf 73' lang='lat' dir='ltr'><strong><em>aestatibus</em></strong></span> <span class='ocrx_word' id='word_1_75' title='bbox 628 989 693 1050; x_wconf 83' lang='lat' dir='ltr'><strong><em>exit,</em></strong></span> 
     </span>
    </p>

    <p class='ocr_par' dir='ltr' id='par_1_13' title="bbox 94 1057 753 1127">
     <span class='ocr_line' id='line_1_13' title="bbox 94 1057 753 1127; baseline -0.005 -16"><span class='ocrx_word' id='word_1_76' title='bbox 94 1062 147 1112; x_wconf 80' lang='lat' dir='ltr'><strong><em>Sssb</em></strong></span> <span class='ocrx_word' id='word_1_77' title='bbox 159 1069 278 1111; x_wconf 87' lang='lat' dir='ltr'><strong><em>torrente</em></strong></span> <span class='ocrx_word' id='word_1_78' title='bbox 286 1062 384 1127; x_wconf 84' lang='lat' dir='ltr'><strong><em>plaga:</em></strong></span> <span class='ocrx_word' id='word_1_79' title='bbox 403 1075 436 1109; x_wconf 86' lang='lat' dir='ltr'><strong><em>nc</em></strong></span> <span class='ocrx_word' id='word_1_80' title='bbox 448 1066 536 1107; x_wconf 89' lang='lat' dir='ltr'><strong><em>terras</em></strong></span> <span class='ocrx_word' id='word_1_81' title='bbox 548 1057 658 1122; x_wconf 80' lang='lat' dir='ltr'><strong><em>dissipet</em></strong></span> <span class='ocrx_word' id='word_1_82' title='bbox 669 1057 753 1124; x_wconf 86' lang='lat' dir='ltr'><strong><em>ignis,</em></strong></span> 
     </span>
    </p>

    <p class='ocr_par' dir='ltr' id='par_1_14' title="bbox 92 1126 762 1191">
     <span class='ocr_line' id='line_1_14' title="bbox 92 1126 762 1191; baseline -0.006 -10"><span class='ocrx_word' id='word_1_83' title='bbox 92 1130 172 1181; x_wconf 81' lang='lat' dir='ltr'><strong><em>Nilus</em></strong></span> <span class='ocrx_word' id='word_1_84' title='bbox 184 1132 259 1180; x_wconf 88' lang='lat' dir='ltr'><strong><em>adest</em></strong></span> <span class='ocrx_word' id='word_1_85' title='bbox 270 1131 379 1188; x_wconf 76' lang='lat' dir='ltr'><strong><em>inundo,</em></strong></span> <span class='ocrx_word' id='word_1_86' title='bbox 391 1136 536 1191; x_wconf 76' lang='lat' dir='ltr'><strong><em>contraque</em></strong></span> <span class='ocrx_word' id='word_1_87' title='bbox 546 1126 653 1177; x_wconf 89' lang='lat' dir='ltr'><strong><em>incensa</em></strong></span> <span class='ocrx_word' id='word_1_88' title='bbox 665 1126 762 1179; x_wconf 80' lang='lat' dir='ltr'><strong><em>Leonis</em></strong></span> 
     </span>
    </p>

    <p class='ocr_par' dir='ltr' id='par_1_15' title="bbox 94 1195 779 1262">
     <span class='ocr_line' id='line_1_15' title="bbox 94 1195 779 1262; baseline -0.003 -12"><span class='ocrx_word' id='word_1_89' title='bbox 94 1197 152 1250; x_wconf 86' lang='lat' dir='ltr'><strong><em>Ora</em></strong></span> <span class='ocrx_word' id='word_1_90' title='bbox 164 1209 261 1249; x_wconf 81' lang='lat' dir='ltr'><strong><em>tumet:</em></strong></span> <span class='ocrx_word' id='word_1_91' title='bbox 284 1197 439 1262; x_wconf 75' lang='lat' dir='ltr'><strong><em>Cancroque</em></strong></span> <span class='ocrx_word' id='word_1_92' title='bbox 450 1212 525 1246; x_wconf 90' lang='lat' dir='ltr'><strong><em>suam</em></strong></span> <span class='ocrx_word' id='word_1_93' title='bbox 538 1204 657 1246; x_wconf 83' lang='lat' dir='ltr'><strong><em>torrente</em></strong></span> <span class='ocrx_word' id='word_1_94' title='bbox 669 1195 779 1262; x_wconf 76' lang='lat' dir='ltr'><strong><em>Syenen,</em></strong></span> 
     </span>
    </p>

    <p class='ocr_par' dir='ltr' id='par_1_16' title="bbox 92 1264 886 1332">
     <span class='ocr_line' id='line_1_16' title="bbox 92 1264 886 1332; baseline -0.001 -14"><span class='ocrx_word' id='word_1_95' title='bbox 92 1268 253 1332; x_wconf 82' lang='lat' dir='ltr'><strong><em>Irrsptoratus</em></strong></span> <span class='ocrx_word' id='word_1_96' title='bbox 264 1267 351 1317; x_wconf 83' lang='lat' dir='ltr'><strong><em>adest:</em></strong></span> <span class='ocrx_word' id='word_1_97' title='bbox 372 1283 419 1318; x_wconf 87' lang='lat' dir='ltr'><strong><em>nec</em></strong></span> <span class='ocrx_word' id='word_1_98' title='bbox 430 1281 536 1330; x_wconf 83' lang='lat' dir='ltr'><strong><em>carrspos</em></strong></span> <span class='ocrx_word' id='word_1_99' title='bbox 546 1264 643 1314; x_wconf 85' lang='lat' dir='ltr'><strong><em>biberat</em></strong></span> <span class='ocrx_word' id='word_1_100' title='bbox 655 1265 742 1326; x_wconf 86' lang='lat' dir='ltr'><strong><em>undis,</em></strong></span> <span class='ocrx_word' id='word_1_101' title='bbox 834 1267 886 1317; x_wconf 82' lang='grc'><strong><em>235</em></strong></span> 
     </span>
    </p>

    <p class='ocr_par' dir='ltr' id='par_1_17' title="bbox 92 1331 822 1393">
     <span class='ocr_line' id='line_1_17' title="bbox 92 1331 822 1393; baseline 0.003 -10"><span class='ocrx_word' id='word_1_102' title='bbox 92 1335 187 1386; x_wconf 86' lang='lat' dir='ltr'><strong><em>Donec</em></strong></span> <span class='ocrx_word' id='word_1_103' title='bbox 199 1334 227 1385; x_wconf 88' lang='lat' dir='ltr'><strong><em>in</em></strong></span> <span class='ocrx_word' id='word_1_104' title='bbox 239 1344 394 1386; x_wconf 87' lang='lat' dir='ltr'><strong><em>autumnum</em></strong></span> <span class='ocrx_word' id='word_1_105' title='bbox 405 1335 519 1385; x_wconf 85' lang='lat' dir='ltr'><strong><em>declinet</em></strong></span> <span class='ocrx_word' id='word_1_106' title='bbox 529 1331 660 1393; x_wconf 86' lang='lat' dir='ltr'><strong><em>Pbocbus,</em></strong></span> <span class='ocrx_word' id='word_1_107' title='bbox 674 1343 699 1384; x_wconf 84' lang='lat' dir='ltr'><strong><em>ct</em></strong></span> <span class='ocrx_word' id='word_1_108' title='bbox 712 1335 822 1385; x_wconf 90' lang='lat' dir='ltr'><strong><em>umbras</em></strong></span> 
     </span>
    </p>

    <p class='ocr_par' dir='ltr' id='par_1_18' title="bbox 92 1402 803 1468">
     <span class='ocr_line' id='line_1_18' title="bbox 92 1402 803 1468; baseline -0.001 -14"><span class='ocrx_word' id='word_1_109' title='bbox 92 1403 236 1455; x_wconf 82' lang='lat' dir='ltr'><strong><em>Extendat</em></strong></span> <span class='ocrx_word' id='word_1_110' title='bbox 248 1403 347 1454; x_wconf 82' lang='lat' dir='ltr'><strong><em>Meroe.</em></strong></span> <span class='ocrx_word' id='word_1_111' title='bbox 379 1402 445 1465; x_wconf 85' lang='lat' dir='ltr'><strong><em>Quis</em></strong></span> <span class='ocrx_word' id='word_1_112' title='bbox 457 1419 566 1456; x_wconf 89' lang='lat' dir='ltr'><strong><em>caussas</em></strong></span> <span class='ocrx_word' id='word_1_113' title='bbox 576 1403 685 1452; x_wconf 87' lang='lat' dir='ltr'><strong><em>reddere</em></strong></span> <span class='ocrx_word' id='word_1_114' title='bbox 693 1403 803 1468; x_wconf 81' lang='lat' dir='ltr'><strong><em>possit?</em></strong></span> 
     </span>
    </p>

    <p class='ocr_par' dir='ltr' id='par_1_19' title="bbox 92 1470 827 1538">
     <span class='ocr_line' id='line_1_19' title="bbox 92 1470 827 1538; baseline -0.005 -14"><span class='ocrx_word' id='word_1_115' title='bbox 92 1473 139 1524; x_wconf 85' lang='lat' dir='ltr'><strong><em>Sic</em></strong></span> <span class='ocrx_word' id='word_1_116' title='bbox 150 1472 229 1522; x_wconf 89' lang='lat' dir='ltr'><strong><em>iussit</em></strong></span> <span class='ocrx_word' id='word_1_117' title='bbox 239 1482 338 1524; x_wconf 76' lang='lat' dir='ltr'><strong><em>statura</em></strong></span> <span class='ocrx_word' id='word_1_118' title='bbox 345 1488 444 1538; x_wconf 88' lang='lat' dir='ltr'><strong><em>parens</em></strong></span> <span class='ocrx_word' id='word_1_119' title='bbox 457 1473 607 1523; x_wconf 79' lang='lat' dir='ltr'><strong><em>discurrere</em></strong></span> <span class='ocrx_word' id='word_1_120' title='bbox 620 1470 728 1523; x_wconf 74' lang='lat' dir='ltr'><strong><em>Nilum:</em></strong></span> <span class='ocrx_word' id='word_1_121' title='bbox 823 1526 827 1535; x_wconf 36' lang='grc' dir='ltr'><strong><em>Ι</em></strong></span> 
     </span>
    </p>

    <p class='ocr_par' dir='ltr' id='par_1_20' title="bbox 93 1541 823 1662">
     <span class='ocr_line' id='line_1_20' title="bbox 93 1541 823 1611; baseline 0.001 -20"><span class='ocrx_word' id='word_1_122' title='bbox 93 1542 139 1593; x_wconf 78' lang='lat' dir='ltr'><strong><em>Sic</em></strong></span> <span class='ocrx_word' id='word_1_123' title='bbox 150 1558 214 1607; x_wconf 92' lang='lat' dir='ltr'><strong><em>opus</em></strong></span> <span class='ocrx_word' id='word_1_124' title='bbox 225 1551 264 1592; x_wconf 88' lang='lat' dir='ltr'><strong><em>est</em></strong></span> <span class='ocrx_word' id='word_1_125' title='bbox 275 1543 379 1593; x_wconf 91' lang='lat' dir='ltr'><strong><em>mundo.</em></strong></span> <span class='ocrx_word' id='word_1_126' title='bbox 409 1541 546 1611; x_wconf 82' lang='lat' dir='ltr'><strong><em>Zspbqros</em></strong></span> <span class='ocrx_word' id='word_1_127' title='bbox 557 1557 659 1607; x_wconf 90' lang='lat' dir='ltr'><strong><em>quoque</em></strong></span> <span class='ocrx_word' id='word_1_128' title='bbox 670 1557 739 1594; x_wconf 88' lang='lat' dir='ltr'><strong><em>uana</em></strong></span> <span class='ocrx_word' id='word_1_129' title='bbox 750 1550 823 1593; x_wconf 87' lang='lat' dir='ltr'><strong><em>uetu-</em></strong></span> 
     </span>
     <span class='ocr_line' id='line_1_21' title="bbox 560 1619 617 1662; baseline 0.035 -2"><span class='ocrx_word' id='word_1_130' title='bbox 560 1619 617 1662; x_wconf 89' lang='lat' dir='ltr'><strong><em>stas</em></strong></span> 
     </span>
    </p>

    <p class='ocr_par' dir='ltr' id='par_1_21' title="bbox 88 1679 889 1747">
     <span class='ocr_line' id='line_1_22' title="bbox 88 1679 889 1747; baseline 0.002 -19"><span class='ocrx_word' id='word_1_131' title='bbox 88 1679 142 1743; x_wconf 78' lang='lat' dir='ltr'><strong><em>His</em></strong></span> <span class='ocrx_word' id='word_1_132' title='bbox 154 1680 283 1730; x_wconf 81' lang='lat' dir='ltr'><strong><em>adscribit</em></strong></span> <span class='ocrx_word' id='word_1_133' title='bbox 295 1679 379 1743; x_wconf 90' lang='lat' dir='ltr'><strong><em>aquis,</em></strong></span> <span class='ocrx_word' id='word_1_134' title='bbox 390 1695 502 1746; x_wconf 87' lang='lat' dir='ltr'><strong><em>quorum</em></strong></span> <span class='ocrx_word' id='word_1_135' title='bbox 512 1689 585 1730; x_wconf 89' lang='lat' dir='ltr'><strong><em>stata</em></strong></span> <span class='ocrx_word' id='word_1_136' title='bbox 597 1690 714 1746; x_wconf 87' lang='lat' dir='ltr'><strong><em>tempora</em></strong></span> <span class='ocrx_word' id='word_1_137' title='bbox 719 1679 808 1747; x_wconf 88' lang='lat' dir='ltr'><strong><em>flatus</em></strong></span> <span class='ocrx_word' id='word_1_138' title='bbox 833 1683 889 1732; x_wconf 76' lang='lat' dir='ltr'><strong><em>usu</em></strong></span> 
     </span>
    </p>

    <p class='ocr_par' dir='ltr' id='par_1_22' title="bbox 92 1747 739 1817">
     <span class='ocr_line' id='line_1_23' title="bbox 92 1747 739 1817; baseline 0 -20"><span class='ocrx_word' id='word_1_139' title='bbox 92 1747 271 1813; x_wconf 80' lang='lat' dir='ltr'><strong><em>Continuique</em></strong></span> <span class='ocrx_word' id='word_1_140' title='bbox 283 1748 346 1808; x_wconf 87' lang='lat' dir='ltr'><strong><em>dies,</em></strong></span> <span class='ocrx_word' id='word_1_141' title='bbox 357 1757 382 1797; x_wconf 90' lang='lat' dir='ltr'><strong><em>ct</em></strong></span> <span class='ocrx_word' id='word_1_142' title='bbox 395 1748 424 1799; x_wconf 89' lang='lat' dir='ltr'><strong><em>in</em></strong></span> <span class='ocrx_word' id='word_1_143' title='bbox 434 1764 500 1797; x_wconf 92' lang='lat' dir='ltr'><strong><em>aera</em></strong></span> <span class='ocrx_word' id='word_1_144' title='bbox 512 1751 594 1817; x_wconf 88' lang='lat' dir='ltr'><strong><em>longa</em></strong></span> <span class='ocrx_word' id='word_1_145' title='bbox 602 1760 739 1814; x_wconf 88' lang='lat' dir='ltr'><strong><em>potestas:</em></strong></span> 
     </span>
    </p>

    <p class='ocr_par' dir='ltr' id='par_1_23' title="bbox 97 1816 735 1882">
     <span class='ocr_line' id='line_1_24' title="bbox 97 1816 735 1882; baseline 0.002 -16"><span class='ocrx_word' id='word_1_146' title='bbox 97 1817 144 1867; x_wconf 73' lang='lat' dir='ltr'><strong><em>t&#39;st</em></strong></span> <span class='ocrx_word' id='word_1_147' title='bbox 155 1818 225 1882; x_wconf 91' lang='lat' dir='ltr'><strong><em>quod</em></strong></span> <span class='ocrx_word' id='word_1_148' title='bbox 234 1817 266 1868; x_wconf 91' lang='lat' dir='ltr'><strong><em>ub</em></strong></span> <span class='ocrx_word' id='word_1_149' title='bbox 279 1816 387 1866; x_wconf 86' lang='lat' dir='ltr'><strong><em>occiduo</em></strong></span> <span class='ocrx_word' id='word_1_150' title='bbox 394 1818 499 1880; x_wconf 85' lang='lat' dir='ltr'><strong><em>pellunt</em></strong></span> <span class='ocrx_word' id='word_1_151' title='bbox 511 1827 550 1866; x_wconf 91' lang='lat' dir='ltr'><strong><em>tot</em></strong></span> <span class='ocrx_word' id='word_1_152' title='bbox 562 1817 652 1868; x_wconf 86' lang='lat' dir='ltr'><strong><em>nabitu</em></strong></span> <span class='ocrx_word' id='word_1_153' title='bbox 664 1820 735 1868; x_wconf 84' lang='lat' dir='ltr'><strong><em>coelo</em></strong></span> 
     </span>
    </p>

    <p class='ocr_par' dir='ltr' id='par_1_24' title="bbox 94 1884 823 1951">
     <span class='ocr_line' id='line_1_25' title="bbox 94 1884 823 1951; baseline 0 -14"><span class='ocrx_word' id='word_1_154' title='bbox 94 1885 184 1937; x_wconf 86' lang='lat' dir='ltr'><strong><em>Trans</em></strong></span> <span class='ocrx_word' id='word_1_155' title='bbox 192 1885 292 1945; x_wconf 75' lang='lat' dir='ltr'><strong><em>Noton,</em></strong></span> <span class='ocrx_word' id='word_1_156' title='bbox 305 1895 329 1935; x_wconf 87' lang='lat' dir='ltr'><strong><em>et</em></strong></span> <span class='ocrx_word' id='word_1_157' title='bbox 341 1884 424 1946; x_wconf 70' lang='lat' dir='ltr'><strong><em>fluvio</em></strong></span> <span class='ocrx_word' id='word_1_158' title='bbox 434 1894 533 1951; x_wconf 82' lang='lat' dir='ltr'><strong><em>coguut</em></strong></span> <span class='ocrx_word' id='word_1_159' title='bbox 545 1885 695 1935; x_wconf 85' lang='lat' dir='ltr'><strong><em>incumbere</em></strong></span> <span class='ocrx_word' id='word_1_160' title='bbox 706 1885 823 1937; x_wconf 79' lang='lat' dir='ltr'><strong><em>nimbos:</em></strong></span> 
     </span>
    </p>

    <p class='ocr_par' dir='ltr' id='par_1_25' title="bbox 96 1953 730 2021">
     <span class='ocr_line' id='line_1_26' title="bbox 96 1953 730 2021; baseline -0.002 -17"><span class='ocrx_word' id='word_1_161' title='bbox 96 1954 143 2006; x_wconf 80' lang='lat' dir='ltr'><strong><em>Ver</em></strong></span> <span class='ocrx_word' id='word_1_162' title='bbox 153 1957 223 2020; x_wconf 87' lang='lat' dir='ltr'><strong><em>quod</em></strong></span> <span class='ocrx_word' id='word_1_163' title='bbox 232 1971 316 2021; x_wconf 88' lang='lat' dir='ltr'><strong><em>aquas</em></strong></span> <span class='ocrx_word' id='word_1_164' title='bbox 328 1955 406 2004; x_wconf 80' lang='lat' dir='ltr'><strong><em>toties</em></strong></span> <span class='ocrx_word' id='word_1_165' title='bbox 417 1953 566 2019; x_wconf 88' lang='lat' dir='ltr'><strong><em>rumpentis</em></strong></span> <span class='ocrx_word' id='word_1_166' title='bbox 578 1954 658 2004; x_wconf 87' lang='lat' dir='ltr'><strong><em>litora</em></strong></span> <span class='ocrx_word' id='word_1_167' title='bbox 670 1953 730 2004; x_wconf 76' lang='lat' dir='ltr'><strong><em>Nili</em></strong></span> 
     </span>
    </p>

    <p class='ocr_par' dir='ltr' id='par_1_26' title="bbox 90 2021 888 2092">
     <span class='ocr_line' id='line_1_27' title="bbox 90 2021 888 2092; baseline 0.001 -19"><span class='ocrx_word' id='word_1_168' title='bbox 90 2023 334 2092; x_wconf 81' lang='lat' dir='ltr'><strong><em>Adsiduoferiunt‚</em></strong></span> <span class='ocrx_word' id='word_1_169' title='bbox 347 2032 495 2090; x_wconf 86' lang='lat' dir='ltr'><strong><em>coguntque</em></strong></span> <span class='ocrx_word' id='word_1_170' title='bbox 506 2022 629 2073; x_wconf 88' lang='lat' dir='ltr'><strong><em>resistere</em></strong></span> <span class='ocrx_word' id='word_1_171' title='bbox 634 2021 747 2088; x_wconf 83' lang='lat' dir='ltr'><strong><em>fluctus.</em></strong></span> <span class='ocrx_word' id='word_1_172' title='bbox 832 2025 888 2074; x_wconf 67' lang='lat'><strong><em>245</em></strong></span> 
     </span>
    </p>

    <p class='ocr_par' dir='ltr' id='par_1_27' title="bbox 89 2091 691 2157">
     <span class='ocr_line' id='line_1_28' title="bbox 89 2091 691 2157; baseline -0.003 -13"><span class='ocrx_word' id='word_1_173' title='bbox 89 2093 140 2144; x_wconf 83' lang='lat' dir='ltr'><strong><em>lue</em></strong></span> <span class='ocrx_word' id='word_1_174' title='bbox 150 2109 225 2143; x_wconf 90' lang='lat' dir='ltr'><strong><em>mora</em></strong></span> <span class='ocrx_word' id='word_1_175' title='bbox 238 2108 343 2153; x_wconf 88' lang='lat' dir='ltr'><strong><em>cursus,</em></strong></span> <span class='ocrx_word' id='word_1_176' title='bbox 355 2092 510 2157; x_wconf 82' lang='lat' dir='ltr'><strong><em>adversique</em></strong></span> <span class='ocrx_word' id='word_1_177' title='bbox 522 2091 605 2141; x_wconf 88' lang='lat' dir='ltr'><strong><em>obiice</em></strong></span> <span class='ocrx_word' id='word_1_178' title='bbox 613 2091 691 2155; x_wconf 87' lang='lat' dir='ltr'><strong><em>ponti</em></strong></span> 
     </span>
    </p>

    <p class='ocr_par' dir='ltr' id='par_1_28' title="bbox 90 2159 789 2227">
     <span class='ocr_line' id='line_1_29' title="bbox 90 2159 789 2227; baseline -0.003 -15"><span class='ocrx_word' id='word_1_179' title='bbox 90 2161 244 2213; x_wconf 77' lang='lat' dir='ltr'><strong><em>Aestuaria</em></strong></span> <span class='ocrx_word' id='word_1_180' title='bbox 257 2177 370 2227; x_wconf 88' lang='lat' dir='ltr'><strong><em>campos.</em></strong></span> <span class='ocrx_word' id='word_1_181' title='bbox 401 2161 478 2221; x_wconf 76' lang='lat' dir='ltr'><strong><em>Sunt,</em></strong></span> <span class='ocrx_word' id='word_1_182' title='bbox 491 2159 537 2224; x_wconf 91' lang='lat' dir='ltr'><strong><em>qui</em></strong></span> <span class='ocrx_word' id='word_1_183' title='bbox 547 2159 695 2224; x_wconf 79' lang='lat' dir='ltr'><strong><em>spiramina</em></strong></span> <span class='ocrx_word' id='word_1_184' title='bbox 708 2159 789 2210; x_wconf 90' lang='lat' dir='ltr'><strong><em>terris</em></strong></span> 
     </span>
    </p>

    <p class='ocr_par' dir='ltr' id='par_1_29' title="bbox 89 2228 856 2299">
     <span class='ocr_line' id='line_1_30' title="bbox 89 2228 856 2299; baseline -0.001 -20"><span class='ocrx_word' id='word_1_185' title='bbox 89 2229 156 2280; x_wconf 85' lang='lat' dir='ltr'><strong><em>Esse</em></strong></span> <span class='ocrx_word' id='word_1_186' title='bbox 165 2239 275 2297; x_wconf 88' lang='lat' dir='ltr'><strong><em>putent,</em></strong></span> <span class='ocrx_word' id='word_1_187' title='bbox 287 2244 447 2299; x_wconf 87' lang='lat' dir='ltr'><strong><em>magnosque</em></strong></span> <span class='ocrx_word' id='word_1_188' title='bbox 458 2244 539 2279; x_wconf 84' lang='lat' dir='ltr'><strong><em>curae</em></strong></span> <span class='ocrx_word' id='word_1_189' title='bbox 550 2228 685 2294; x_wconf 81' lang='lat' dir='ltr'><strong><em>correpagis</em></strong></span> <span class='ocrx_word' id='word_1_190' title='bbox 697 2228 796 2279; x_wconf 83' lang='lat' dir='ltr'><strong><em>isiatus.</em></strong></span> <span class='ocrx_word' id='word_1_191' title='bbox 849 2262 856 2273; x_wconf 81' lang='lat'><strong>·</strong></span> 
     </span>
    </p>

    <p class='ocr_par' dir='ltr' id='par_1_30' title="bbox 91 2297 762 2366">
     <span class='ocr_line' id='line_1_31' title="bbox 91 2297 762 2366; baseline 0 -18"><span class='ocrx_word' id='word_1_192' title='bbox 91 2298 227 2350; x_wconf 81' lang='lat' dir='ltr'><strong><em>Couuueat</em></strong></span> <span class='ocrx_word' id='word_1_193' title='bbox 236 2298 287 2350; x_wconf 82' lang='lat' dir='ltr'><strong><em>buc</em></strong></span> <span class='ocrx_word' id='word_1_194' title='bbox 296 2300 404 2366; x_wconf 88' lang='lat' dir='ltr'><strong><em>penitus</em></strong></span> <span class='ocrx_word' id='word_1_195' title='bbox 415 2297 507 2349; x_wconf 89' lang='lat' dir='ltr'><strong><em>tacitis</em></strong></span> <span class='ocrx_word' id='word_1_196' title='bbox 519 2298 680 2348; x_wconf 87' lang='lat' dir='ltr'><strong><em>discursibus</em></strong></span> <span class='ocrx_word' id='word_1_197' title='bbox 692 2298 762 2348; x_wconf 90' lang='lat' dir='ltr'><strong><em>unda</em></strong></span> 
     </span>
    </p>

    <p class='ocr_par' dir='ltr' id='par_1_31' title="bbox 88 2367 888 2436">
     <span class='ocr_line' id='line_1_32' title="bbox 88 2367 888 2436; baseline -0.004 -17"><span class='ocrx_word' id='word_1_198' title='bbox 88 2368 207 2436; x_wconf 86' lang='lat' dir='ltr'><strong><em>Frigore</em></strong></span> <span class='ocrx_word' id='word_1_199' title='bbox 218 2368 251 2419; x_wconf 93' lang='lat' dir='ltr'><strong><em>ab</em></strong></span> <span class='ocrx_word' id='word_1_200' title='bbox 261 2368 362 2420; x_wconf 80' lang='lat' dir='ltr'><strong><em>Arctoo</em></strong></span> <span class='ocrx_word' id='word_1_201' title='bbox 374 2367 486 2416; x_wconf 80' lang='lat' dir='ltr'><strong><em>suediam</em></strong></span> <span class='ocrx_word' id='word_1_202' title='bbox 498 2375 623 2418; x_wconf 85' lang='lat' dir='ltr'><strong><em>reuocata</em></strong></span> <span class='ocrx_word' id='word_1_203' title='bbox 634 2368 680 2416; x_wconf 91' lang='lat' dir='ltr'><strong><em>sub</em></strong></span> <span class='ocrx_word' id='word_1_204' title='bbox 693 2383 785 2416; x_wconf 85' lang='lat' dir='ltr'><strong><em>axem:</em></strong></span> <span class='ocrx_word' id='word_1_205' title='bbox 832 2367 888 2417; x_wconf 83' lang='lat'>250·</span> 
     </span>
    </p>

    <p class='ocr_par' dir='ltr' id='par_1_32' title="bbox 91 2434 792 2503">
     <span class='ocr_line' id='line_1_33' title="bbox 91 2434 792 2503; baseline 0 -18"><span class='ocrx_word' id='word_1_206' title='bbox 91 2434 156 2486; x_wconf 81' lang='lat' dir='ltr'><strong><em>Cum</em></strong></span> <span class='ocrx_word' id='word_1_207' title='bbox 167 2436 290 2488; x_wconf 76' lang='lat' dir='ltr'><strong><em>Phoebus</em></strong></span> <span class='ocrx_word' id='word_1_208' title='bbox 298 2435 399 2503; x_wconf 89' lang='lat' dir='ltr'><strong><em>pressit</em></strong></span> <span class='ocrx_word' id='word_1_209' title='bbox 412 2434 530 2495; x_wconf 85' lang='lat' dir='ltr'><strong><em>Meroen,</em></strong></span> <span class='ocrx_word' id='word_1_210' title='bbox 543 2438 671 2500; x_wconf 82' lang='lat' dir='ltr'><strong><em>tellusque</em></strong></span> <span class='ocrx_word' id='word_1_211' title='bbox 680 2444 792 2499; x_wconf 88' lang='lat' dir='ltr'><strong><em>perusta</em></strong></span> 
     </span>
    </p>

    <p class='ocr_par' dir='ltr' id='par_1_33' title="bbox 88 2503 805 2573">
     <span class='ocr_line' id='line_1_34' title="bbox 88 2503 805 2573; baseline -0.004 -16"><span class='ocrx_word' id='word_1_212' title='bbox 88 2505 160 2557; x_wconf 85' lang='lat' dir='ltr'><strong><em>Illuc</em></strong></span> <span class='ocrx_word' id='word_1_213' title='bbox 171 2505 250 2557; x_wconf 85' lang='lat' dir='ltr'><strong><em>duxit</em></strong></span> <span class='ocrx_word' id='word_1_214' title='bbox 262 2523 356 2573; x_wconf 90' lang='lat' dir='ltr'><strong><em>aquas,</em></strong></span> <span class='ocrx_word' id='word_1_215' title='bbox 367 2503 489 2556; x_wconf 86' lang='lat' dir='ltr'><strong><em>trabitur</em></strong></span> <span class='ocrx_word' id='word_1_216' title='bbox 499 2505 658 2571; x_wconf 82' lang='lat' dir='ltr'><strong><em>Gangesque</em></strong></span> <span class='ocrx_word' id='word_1_217' title='bbox 664 2503 805 2570; x_wconf 87' lang='lat' dir='ltr'><strong><em>Padusque</em></strong></span> 
     </span>
    </p>

    <p class='ocr_par' dir='ltr' id='par_1_34' title="bbox 89 2571 791 2639">
     <span class='ocr_line' id='line_1_35' title="bbox 89 2571 791 2639; baseline 0 -16"><span class='ocrx_word' id='word_1_218' title='bbox 89 2573 144 2624; x_wconf 89' lang='lat' dir='ltr'><strong><em>Per</em></strong></span> <span class='ocrx_word' id='word_1_219' title='bbox 155 2576 268 2626; x_wconf 91' lang='lat' dir='ltr'><strong><em>tacitum</em></strong></span> <span class='ocrx_word' id='word_1_220' title='bbox 279 2575 370 2627; x_wconf 74' lang='lat' dir='ltr'><strong><em>oriundi</em></strong></span> <span class='ocrx_word' id='word_1_221' title='bbox 377 2591 387 2634; x_wconf 91' lang='lat'><em>;</em></span> <span class='ocrx_word' id='word_1_222' title='bbox 406 2584 476 2633; x_wconf 88' lang='lat' dir='ltr'><strong><em>tuuc,</em></strong></span> <span class='ocrx_word' id='word_1_223' title='bbox 489 2572 697 2639; x_wconf 83' lang='lat' dir='ltr'><strong><em>omuiaflumina</em></strong></span> <span class='ocrx_word' id='word_1_224' title='bbox 710 2571 791 2626; x_wconf 81' lang='lat' dir='ltr'><strong><em>Nilus</em></strong></span> 
     </span>
    </p>

    <p class='ocr_par' dir='ltr' id='par_1_35' title="bbox 93 2641 723 2714">
     <span class='ocr_line' id='line_1_36' title="bbox 93 2641 723 2714; baseline -0.002 -20"><span class='ocrx_word' id='word_1_225' title='bbox 93 2641 151 2695; x_wconf 86' lang='lat' dir='ltr'><strong><em>Uno</em></strong></span> <span class='ocrx_word' id='word_1_226' title='bbox 157 2646 239 2714; x_wconf 82' lang='lat' dir='ltr'><strong><em>sonte</em></strong></span> <span class='ocrx_word' id='word_1_227' title='bbox 249 2660 353 2696; x_wconf 82' lang='lat' dir='ltr'><strong><em>uomens</em></strong></span> <span class='ocrx_word' id='word_1_228' title='bbox 363 2661 415 2695; x_wconf 89' lang='lat' dir='ltr'><strong><em>non</em></strong></span> <span class='ocrx_word' id='word_1_229' title='bbox 425 2660 478 2694; x_wconf 91' lang='lat' dir='ltr'><strong><em>uno</em></strong></span> <span class='ocrx_word' id='word_1_230' title='bbox 486 2641 597 2709; x_wconf 78' lang='lat' dir='ltr'><strong><em>gurgite</em></strong></span> <span class='ocrx_word' id='word_1_231' title='bbox 606 2643 723 2708; x_wconf 73' lang='lat' dir='ltr'><strong><em>perfert.</em></strong></span> 
     </span>
    </p>

    <p class='ocr_par' dir='ltr' id='par_1_36' title="bbox 89 2709 886 2779">
     <span class='ocr_line' id='line_1_37' title="bbox 89 2709 886 2779; baseline 0 -17"><span class='ocrx_word' id='word_1_232' title='bbox 89 2709 202 2772; x_wconf 73' lang='lat' dir='ltr'><strong><em>liuntur,</em></strong></span> <span class='ocrx_word' id='word_1_233' title='bbox 215 2713 247 2763; x_wconf 91' lang='lat' dir='ltr'><strong><em>ab</em></strong></span> <span class='ocrx_word' id='word_1_234' title='bbox 261 2709 380 2777; x_wconf 88' lang='lat' dir='ltr'><strong><em>Oceano,</em></strong></span> <span class='ocrx_word' id='word_1_235' title='bbox 392 2713 437 2778; x_wconf 91' lang='lat' dir='ltr'><strong><em>qui</em></strong></span> <span class='ocrx_word' id='word_1_236' title='bbox 449 2723 537 2763; x_wconf 88' lang='lat' dir='ltr'><strong><em>terras</em></strong></span> <span class='ocrx_word' id='word_1_237' title='bbox 547 2711 650 2779; x_wconf 75' lang='lat' dir='ltr'><strong><em>adligat</em></strong></span> <span class='ocrx_word' id='word_1_238' title='bbox 663 2729 758 2774; x_wconf 83' lang='lat' dir='ltr'><strong><em>orrsucs,</em></strong></span> <span class='ocrx_word' id='word_1_239' title='bbox 830 2711 886 2763; x_wconf 79' lang='lat'><strong>255·-</strong></span> 
     </span>
    </p>
   </div>
   <div class='ocr_carea' id='block_1_3' title="bbox 0 0 980 3218">
    <p class='ocr_par' dir='ltr' id='par_1_37' title="bbox 0 0 980 3218">
     <span class='ocr_line' id='line_1_38' title="bbox 0 0 980 3218; baseline 0 1"><span class='ocrx_word' id='word_1_240' title='bbox 0 0 980 3218; x_wconf 95' lang='lat' dir='ltr'><strong><em> </em></strong></span> 
     </span>
    </p>
   </div>
  </div>
 </body>
</html>
