1956 3106
174 178 680 232 1111118111111111111,
742 182 790 230 141

58 296 189 358 Vocibus,
203 304 231 348 et
243 297 340 364 plausu
352 312 453 348 euneos
465 305 572 350 certare
583 305 720 350 sonantes.

60 366 156 428 Qualis
167 372 227 417 erat
239 367 333 432 popuii
344 367 428 417 facies
441 368 597 434 clamorque
606 366 732 431 faventis,

60 436 131 486 oum
144 451 205 486 eum
214 437 328 498 iuvenis,
339 436 471 502 primique
483 441 575 487 aetate
585 433 717 501 triumphi

58 506 127 555 Post
138 505 255 554 domitas
265 510 369 571 gentes,
381 519 447 571 quas
457 510 565 556 torrens
576 504 661 556 ambit
671 504 774 565 Iberus,
822 504 854 552 ts

61 575 96 624 111
105 588 292 641 quaecumque
301 571 386 640 fugax
397 571 535 624 Sertorius
545 574 653 640 impulit
664 587 748 634 arina,

60 643 182 708 Vespere
194 648 303 708 pacato,
315 656 383 708 pura
392 643 553 694 venerabilis
568 657 662 710 aeque,

61 713 150 771 Quam
162 726 257 760 currus
268 716 393 773 ornante,
405 717 481 780 toga,
492 712 638 778 plaudente
649 716 756 774 senatu,

60 779 138 832 Sedit
148 777 237 829 adhuc
249 780 386 831 Romanus
399 795 490 847 eques.
520 778 575 830 Seu
585 782 638 832 fine
650 782 785 833 bonorum

64 850 147 899 inxia
158 850 277 899 venturis
288 848 323 898 ad
335 855 460 916 tempora
469 848 542 900 laeta
552 849 666 918 refugit:
823 849 856 896 21)

62 917 125 972 Sive
136 933 186 983 per
196 918 324 986 ambages
336 918 430 969 solitas
441 920 649 971 contrariarisis

63 988 221 1038 Vaticinata
232 988 317 1054 quies,
329 988 421 1054 magni
431 986 496 1037 tulit
507 989 598 1038 emina
608 989 746 1054 planctus:

63 1056 117 1107 Seu
123 1057 209 1106 vetito
222 1057 325 1122 patrias
335 1056 408 1105 ultra
418 1056 469 1105 tibi
480 1070 593 1106 eernere
602 1056 691 1117 sedes,

63 1125 109 1176 Sic
119 1126 233 1175 Romam
242 1126 366 1176 Fortuna
376 1124 460 1175 dedit.
490 1123 532 1174 Ne
544 1125 661 1189 rumpite
672 1139 791 1185 somnos,

64 1197 222 1244 Castrorum
232 1194 337 1260 vigiles,
349 1193 436 1244 nullas
448 1193 514 1243 tuba
523 1192 651 1243 verberet
661 1206 749 1242 aures.
824 1192 856 1239 25

63 1263 190 1314 Crastina
203 1262 262 1311 dira
273 1262 357 1328 quies,
369 1268 398 1313 et
408 1263 526 1329 imagine
537 1267 645 1312 moesta
656 1261 754 1311 diurna

61 1331 186 1395 Undique
197 1329 320 1379 funestas
328 1331 401 1381 acies
411 1329 491 1393 feret,
502 1330 621 1397 undique
630 1329 739 1381 bellum.

61 1399 140 1450 Unde
151 1412 231 1465 pares
242 1414 351 1451 somnos
362 1399 463 1466 popuii,
474 1405 637 1466 noctemque
647 1397 755 1450 beatam
762 1397 772 1446 ’1

62 1471 85 1519 0
99 1468 173 1530 felix,
185 1469 209 1518 si
221 1475 248 1518 te
260 1467 303 1518 vel
314 1470 353 1519 sic
365 1473 413 1520 tua
424 1469 512 1520 Roma
522 1468 636 1520 videret.

61 1540 219 1590 Donassent
230 1539 333 1588 utinam
343 1539 435 1605 superi
446 1541 606 1606 patriaeque
616 1537 721 1605 tibique
825 1537 857 1586 30

61 1610 158 1670 Unum,
170 1608 279 1676 Magne,
292 1608 372 1672 diem,
384 1623 437 1676 quo
448 1608 501 1660 fati
511 1615 602 1660 certus
612 1613 727 1674 uterque

61 1679 221 1728 Extremum
231 1679 302 1728 tanti
313 1678 432 1728 fructum
444 1679 580 1746 caperetis
591 1678 701 1728 amoris.

62 1749 106 1797 Tu
117 1747 191 1796 velut
200 1748 319 1797 Ausonia
329 1748 406 1798 vadis
416 1750 565 1799 moriturus
575 1748 603 1796 in
613 1746 695 1798 urbe:

61 1817 112 1866 iiia
122 1816 175 1866 rati
187 1830 295 1881 semper
304 1817 338 1868 de
348 1824 376 1868 te
388 1817 439 1868 sibi
451 1818 562 1868 conscia
572 1816 631 1866 voti

62 1887 125 1935 Hoc
137 1883 226 1933 scelus
237 1881 309 1935 haud
319 1901 446 1953 umquam
457 1885 522 1937 fatis
532 1883 647 1937 haerere
659 1883 774 1950 putavit,
825 1880 858 1929 35

63 1954 110 2005 Sic
122 1968 151 2003 se
163 1953 254 2003 dilecti
267 1955 397 2005 tumulum
407 1971 513 2023 quoque
524 1955 641 2021 perdere
652 1952 754 2021 Magni.

63 2026 106 2074 Te
118 2023 203 2072 mixte
214 2019 307 2073 flesset
317 2023 401 2083 luctu,
409 2025 577 2090 iuvenisque,
589 2035 734 2089 senexque,

63 2094 237 2158 iniussusqus
247 2105 326 2158 puer:
344 2090 502 2154 lacerasset,
515 2093 588 2142 crine
599 2091 700 2151 soluto,

64 2163 184 2214 Pectora
195 2159 351 2222 femineum,
364 2173 414 2210 eeu
426 2160 505 2211 Bruti
514 2159 619 2221 funere,
629 2158 734 2224 vulgum.

66 2230 143 2281 Nune
155 2245 272 2298 quoque,
283 2229 340 2280 teia
351 2229 416 2281 lieet
425 2233 545 2297 paveant
555 2228 667 2278 victoris
678 2227 772 2291 iniqui,
826 2225 859 2272 40

65 2299 179 2351 Nuntiet
188 2302 248 2367 ipse
258 2299 325 2349 lieet
334 2300 437 2350 Caesar
446 2304 495 2350 tua
505 2296 611 2359 funera,
623 2293 739 2348 flebunt:

66 2368 120 2418 Sed
133 2369 195 2419 dum
208 2367 378 2430 turstanum,
397 2367 461 2419 (lum
471 2367 567 2418 laurea
577 2371 652 2417 serta
662 2363 790 2415 Tonanti.

66 2438 90 2486 0
102 2440 202 2500 miseri,
214 2453 327 2505 quorum
338 2439 454 2506 gemitus
465 2436 685 2495 ederedolorem,

67 2508 120 2566 Qui
131 2517 158 2557 to
169 2524 221 2557 non
233 2508 312 2573 pleno
325 2509 428 2573 pariter
439 2506 569 2573 planxere
580 2504 702 2556 theatro!

67 2576 181 2627 Vicerat
191 2582 265 2626 astra
275 2577 361 2637 iubar,
373 2592 434 2626 eum
446 2576 532 2626 mixto
544 2588 681 2625 murmure
692 2570 774 2622 turba
825 2568 860 2619 45
877 2578 884 2587 '

67 2647 225 2694 Castrorum
235 2643 354 2707 fremuit,
366 2645 483 2711 fatisque
494 2642 664 2695 trahentibus
676 2640 780 2703 orbem,

67 2714 152 2782 Signa
163 2714 232 2780 petit
243 2729 357 2781 pugnae.
387 2715 481 2765 Miseri
494 2728 558 2781 pars
569 2715 688 2766 maxima
697 2709 770 2778 vulgi
