1950 3218
183 140 473 193 PHARSALIA.
509 142 590 192 LlB
628 145 660 199 V.
737 144 787 196 too

51 262 111 314 Nec
122 260 227 327 perfert
239 266 351 327 pontum
362 261 466 310 Boreas
480 259 514 308 ad
525 273 599 321 saxo,
608 252 738 330 suumque
792 263 845 315 665

53 334 83 383 lu
94 330 194 381 fluctus
205 330 268 379 Cori
278 327 381 394 frangit
390 342 479 377 more:
497 334 626 394 motaque
636 337 749 395 possunt

53 403 180 468 Aequora
191 397 330 448 subductis
337 398 425 467 ‚etiarn
438 410 601 447 concurrere
612 401 707 450 ventis.

53 469 116 521 Non
126 468 195 518 Euri
206 480 329 518 cessasse
340 467 441 514 minas:
462 480 516 515 nou
526 465 656 517 imbribus
667 474 754 518 utrum

55 537 142 590 Aeolii
151 537 269 586 iacuisse
279 533 381 585 Notum
392 533 441 583 sub
454 549 564 585 carcere
575 537 634 585 saxi
817 573 819 576 Α

55 605 236 658 Crediderim:
256 610 369 653 cunctos
381 603 462 653 solita
473 603 505 652 de
518 610 595 669 parte
606 611 716 656 ruentes
801 606 850 658 610

54 673 217 727 Defendisse
228 686 291 722 suas
303 671 420 721 violento
431 672 537 722 turbine
547 678 648 737 terrns3

55 743 101 795 Sic
111 742 224 810 pelagus
237 741 367 790 mansisse
379 739 449 791 loco.
478 739 538 790 Non
551 756 635 806 porra
645 746 770 809 procellis

56 816 183 879 Aequore
192 815 272 876 rapto
283 808 388 860 ferunt:
418 809 523 876 Aegeos
534 813 632 861 transit
642 814 668 862 in
680 815 766 865 undas

54 879 244 946 Tyrrhenum:
262 883 343 929 sonat
354 879 430 927 lonio
444 893 528 944 vagus
539 879 643 930 Hadria
654 888 746 948 ponto.

42 948 95 1002 nh
106 951 214 1017 quoties
225 945 327 997 frustra
338 946 459 1013 pulsatos
471 962 588 1014 aequore
600 957 705 1002 montes
800 954 849 1003 615

12 1006 16 1023 ¹
56 1019 157 1071 Obruit
168 1017 215 1067 illa
226 1015 296 1065 dies!
316 1031 395 1082 quarn
407 1016 481 1065 celsa
491 1019 632 1067 cacumina
643 1034 749 1083 pessum

55 1088 151 1139 Tellus
160 1087 235 1135 sicta
245 1083 331 1135 dedit!
350 1083 411 1134 Non
420 1084 466 1133 illo
477 1083 557 1135 litore
568 1094 681 1152 surgunt

54 1159 128 1208 Tem
138 1155 222 1205 validi
231 1152 343 1213 fluctus,
356 1153 463 1219 ulioque
474 1167 508 1203 ex
519 1154 585 1203 orbe
596 1155 682 1204 voluti

56 1227 78 1277 Α
88 1239 189 1292 magno
200 1237 298 1274 venere
310 1223 386 1281 mari,
400 1222 582 1288 mundumque
593 1238 721 1275 coercens

56 1291 249 1347 Monstriferos
263 1291 319 1358 ogit
329 1291 401 1340 unda
411 1292 492 1340 sinus.
516 1290 561 1341 Sic
573 1298 664 1343 rector
676 1295 785 1362 Olympi
794 1295 849 1352 Ι626

57 1363 175 1430 Cuspide
187 1360 309 1411 fraterna
319 1359 449 1410 lassatum
463 1362 490 1409 in
501 1361 610 1410 saecule
620 1360 720 1414 fulmen

57 1432 179 1492 Adiuvit,
191 1443 329 1496 regnoque
341 1431 457 1479 accessit
467 1435 541 1478 terra
552 1431 680 1493 secundo,

59 1503 124 1553 eum
136 1514 212 1550 ruore
224 1499 360 1548 convolvit
370 1504 537 1565 gentes,cum
548 1500 630 1549 litora
641 1499 746 1567 Tethys

58 1569 154 1621 Noluit
163 1568 218 1618 ulla
229 1567 374 1632 pati‚coelo
387 1573 515 1617 contenta
527 1571 620 1619 teneri.

59 1638 139 1690 Nunc
149 1643 338 1704 quoquetanta
350 1637 521 1688 mnrismoles
534 1640 663 1689 crevisset
672 1641 788 1703 inostro,
800 1642 850 1691 625

59 1707 94 1760 Ni
105 1721 234 1774 superum
246 1711 337 1755 rector
347 1706 491 1770 pressisset
501 1707 616 1758 nubibus
627 1709 720 1759 undas.

60 1777 121 1828 Non
133 1774 206 1826 ‘coeli
216 1788 272 1825 nox
281 1774 327 1823 illa
336 1773 399 1823 fuit:
418 1774 487 1825 latet
499 1776 602 1826 obsitus
615 1791 662 1827 uer

15 1836 19 1849 '
63 1845 187 1897 lusernae
199 1842 302 1909 pallore
313 1843 423 1904 domus,
434 1844 584 1911 nimbisque
595 1842 723 1912 gravatus

61 1915 240 1981 Deprimitur,
251 1910 403 1979 fluctusque
411 1913 439 1961 in
445 1913 559 1963 nubibus
566 1916 792 1981 accipitimlirem.

59 1983 217 2034 Lux-etium
228 1981 373 2031 metuendo
384 1983 514 2046 perit‚nec
524 1981 632 2049 fulgura
642 1992 753 2034 currunt
802 1985 851 2035 636

14 2058 18 2069 ’
61 2052 150 2112 Clara,
162 2051 210 2101 sed
222 2049 365 2099 obscurum
378 2048 515 2099 nimbosus
526 2051 623 2101 dissilit
634 2068 689 2102 aer.

14 2150 20 2181 ι
60 2121 140 2171 Tunc
152 2134 279 2185 superum
298 2132 421 2167 convexa
435 2115 567 2179 fremunt,
590 2124 672 2185 atque
693 2121 793 2170 arduus

535 2203 593 2236 axrs

64 2258 195 2317 insonuit,
205 2260 334 2321 motaque
346 2254 401 2319 poli
414 2269 545 2320 compage
556 2255 689 2306 laborant.

62 2326 197 2376 Extimuit
210 2330 308 2374 nature
320 2321 416 2373 chaos:
437 2324 541 2388 rupisse
552 2324 676 2374 ridentur

63 2395 220 2445 Concordes
232 2393 365 2443 elementa
376 2407 475 2453 mores,
487 2407 632 2459 rursusque
644 2394 733 2445 redire
805 2393 854 2445 635

62 2463 124 2515 Nox
134 2478 232 2514 mones
241 2463 361 2512 mixtura
371 2461 437 2511 deis.
466 2459 534 2526 Spes
545 2477 599 2512 uua
609 2462 712 2525 salutis,

64 2533 144 2594 Quod
155 2537 233 2583 tanto
243 2531 333 2580 mundi
344 2530 461 2580 nondum
473 2532 578 2595 periere
589 2532 674 2581 urina.

63 2603 189 2663 Quantus
199 2599 340 2650 Leucadio
352 2599 473 2665 placidus
480 2599 513 2650 de
524 2601 627 2651 vertice
636 2607 736 2666 pontus

63 2669 234 2738 Despicitur3
252 2673 357 2719 tautum
369 2674 470 2719 nautae
480 2669 572 2721 ridere
585 2676 730 2724 trementes
794 2720 812 2725 ,,
886 2712 889 2716 Α

10 2858 196 3202 q,
