1956 3106
181 129 233 177 224
353 125 391 174 Μ.
426 124 527 176 ΑΝΝ.
564 124 747 176 LUCANI

200 246 288 306 Quam
300 242 400 294 debere
412 249 502 309 caput.
534 245 587 305 Qui
598 244 666 296 duro
677 244 801 295 membra
811 256 924 298 senatus

200 314 328 365 Calcarat
338 313 423 374 vultu,
436 314 481 379 qui
493 315 567 363 sicco
580 313 681 364 lumine
693 327 806 379 campos

116 383 188 434 1045
201 383 319 436 Viderat
329 380 480 444 Emathios,
492 383 539 431 uni
551 382 609 450 tibj,
620 382 731 449 Magne,
741 397 843 449 negare

198 453 260 504 Non
271 452 355 503 audet
364 452 489 520 gemitus.
519 454 541 502 0
554 466 616 501 sors
627 451 772 501 durissima
781 450 845 502 latii

198 523 342 573 Hunccine
352 527 391 580 tu,
403 522 512 582 Caesar,
524 520 661 570 scelerato
672 521 762 570 Marte
774 522 877 587 petisti,

202 592 255 652 Qui
267 591 316 641 tibi
322 589 427 640 ilendus
439 588 516 640 erati
527 589 588 639 Non
600 590 678 639 mixti
687 588 801 639 foedera
807 596 924 658 tangunt

199 662 240 711 Te
252 661 373 726 generis,
390 673 441 708 nec
452 664 517 709 nata
527 658 604 709 iubet
614 674 754 720 moerere,
765 673 920 726 neposque:

122 729 189 780 1050
202 728 297 781 credis
310 727 383 793 apud
394 727 510 793 populos
517 728 641 794 Pompeii
651 743 750 777 nomen
762 734 887 780 unientes

64 796 70 805 '
197 799 261 847 Hoc
274 797 371 846 castris
383 797 514 862 prodesse
525 796 598 847 taisi
616 799 747 847 Fortasse
760 799 873 861 tyranni

173 897 176 903 ι
198 866 333 933 Tangeris
343 866 459 927 invidia,
472 867 598 933 captique
608 868 636 916 in
647 868 755 917 viscera
765 866 862 933 Magni

198 936 262 985 Hoc
272 935 332 986 aliis
342 934 451 985 licuisse
462 934 547 996 doles,
560 937 735 1002 quererisque
746 936 852 1002 perisse

201 1004 357 1056 Vindictam
368 1004 446 1066 belli,
458 1012 620 1071 raptumque
631 1020 665 1054 ex
675 1007 735 1055 iure
747 1006 860 1071 superbi

118 1074 185 1125 1055
196 1075 317 1125 Victoris
328 1088 467 1141 generum.
498 1074 624 1140 Quisquis
637 1081 664 1123 te
676 1072 741 1123 flore
753 1075 848 1142 coegit

199 1146 334 1209 impetus,
346 1159 363 1193 a
374 1158 440 1194 vera
450 1143 530 1209 longe
542 1144 644 1208 pietate
656 1144 778 1193 recessit.

199 1210 466 1263 Scilicethocanimo
478 1217 567 1261 terras
580 1219 661 1278 atque
670 1227 791 1279 aequora
801 1212 912 1277 lustras,

198 1282 304 1333 Necubi
314 1297 477 1348 suppressus
487 1295 584 1348 pereat
593 1296 686 1347 gener.
715 1282 738 1332 0
750 1282 820 1333 bene
831 1289 914 1351 rapta

197 1352 317 1403 Arbitrio
329 1366 403 1401 mors
415 1352 469 1401 ista
482 1349 543 1400 tuo!
564 1351 652 1410 Quam
662 1366 762 1418 magna
772 1353 880 1403 remisit

119 1421 189 1473 1060
202 1422 320 1473 Crimina
331 1422 454 1470 Romano
465 1420 551 1469 tristis
563 1421 688 1470 Fortuna
697 1412 814 1486 pudori,'

200 1491 280 1552 Quod
292 1497 320 1541 te
331 1504 385 1539 non
397 1504 478 1555 passa
489 1495 532 1539 est
546 1491 685 1553 misereri,
697 1489 816 1556 perfide,
825 1490 921 1560 Magni

197 1558 335 1612 Viventis!
357 1558 415 1608 Nec
426 1572 480 1606 non
491 1554 532 1608 liis
543 1558 637 1609 saliere
649 1560 762 1610 vocibus
774 1559 866 1622 audet,

197 1628 374 1696 Adquiritque
386 1627 467 1677 tidem
479 1628 598 1678 simulati
609 1628 701 1680 fronte
711 1629 812 1680 doloris
823 1644 830 1677 ε
959 1686 964 1695 ,

232 1697 321 1767 Aufer
333 1696 366 1746 ab
377 1697 506 1762 adspecta
517 1707 608 1749 nostro
615 1699 741 1767 firmata,
752 1698 871 1762 satelles,

116 1769 187 1821 1065
200 1767 285 1835 Regia
298 1767 367 1816 dorla
380 1766 437 1816 rai.-
452 1766 528 1833 peius
540 1769 570 1818 de
583 1766 699 1820 Caesare
710 1776 841 1831 oestrum,

199 1838 289 1900 Quam
301 1837 333 1886 de
345 1835 483 1901 Pompeio,
494 1837 592 1887 meruit
603 1841 703 1889 arelas:
714 1837 794 1890 unica
806 1836 871 1889 belli

198 1905 330 1959 Praemia
342 1904 429 1956 cicilie
436 1940 443 1965 ,
456 1905 536 1957 victis
548 1908 648 1958 donare
660 1911 786 1971 salutem,

198 1975 379 2028 Perdidimus.
409 1973 513 2037 Quodsi
523 1975 629 2028 Phario
638 1993 773 2045 germana
792 1986 912 2045 tyranno

198 2044 259 2096 Noa
271 2043 459 2112 irritasunt,
468 2045 612 2111 potuissem
624 2048 735 2098 reddere
746 2048 816 2114 regi,

119 2118 189 2168 1010
204 2113 283 2178 Quod
293 2113 406 2174 meruit,
411 2113 558 2182 fratrique
571 2125 646 2166 trram
655 2133 706 2182 pro
718 2131 827 2167 raaaere
837 2114 891 2167 tari

200 2183 349 2244 misissem,
367 2181 521 2249 Cleopatra,
533 2195 623 2250 eaput.
643 2187 754 2237 Secreta
766 2185 924 2251 quiderm

198 2253 298 2311 Movit,
309 2261 337 2302 et
346 2252 461 2303 inseruit
472 2263 565 2307 nostro
577 2271 626 2306 aaa
637 2258 693 2306 tela
704 2254 811 2306 labori?

199 2323 279 2392 Ergo
290 2321 319 2373 ia
333 2320 495 2373 Tberralr'eir
506 2322 737 2445 Pellaeosecr'mm
748 2323 823 2375 araia

200 2392 245 2445 lae
253 2390 366 2462 gladio?
376 2392 472 2442 vestris
483 2393 607 2459 quaesita
627 2393 728 2446 iceatia
740 2390 851 2462 regaiel

116 2462 188 2513 1015
200 2461 263 2514 Noa
284 2464 401 2513 tuleram
419 2461 552 2531 Magnam
568 2480 670 2516 mecam
688 2463 814 2517 Romana
824 2478 921 2533 regere·

200 2600 246 2662 Te,
257 2601 421 2663 Ptolemaeo,
427 2601 540 2670 feram?
557 2542 813 2664 Frustratll‘nollibae,
826 2603 918 2655 armr'r

196 2669 354 2723 Miscuimus
361 2680 466 2741 genter.
493 2671 524 2722 Si
536 2688 588 2741 qaa
600 2681 641 2726 ert
652 2672 701 2727 boc
712 2673 775 2727 orbe
783 2681 912 2742 potestat
