1956 3106
217 169 507 223 PHARSALIA.
544 171 625 222 LlB
663 173 720 223 lll.
804 171 854 223 65‘

97 288 235 342 Bellorum
248 307 335 342 catat.
365 289 505 358 legentem
516 289 611 340 militie
624 307 699 341 utam

96 359 157 411 Hoc
169 359 248 412 hebet
260 377 294 412 ex
304 376 404 427 magma
416 361 447 409 oie
464 370 573 410 unctum
583 370 663 424 purte
675 361 803 412 cadaver:
847 364 898 412 120

101 426 224 480 Viventis
230 429 336 498 feriere
347 431 412 479 loco.
442 429 487 480 sic
497 428 570 479 fatus
582 430 609 479 in
620 427 728 480 hostem

97 499 189 550 Caeca
198 500 255 550 tela
267 513 358 559 manu,
369 498 483 549 sednon
495 505 587 549 tamen
598 500 686 558 irrita,
696 499 788 548 nuttit.

149 568 260 635 Excipit
271 566 339 618 haec
351 569 455 619 iuvenis
460 568 731 636 generosisanguinis
741 567 837 634 Argus,

98 637 160 699 Qua
169 638 223 687 iam
236 652 290 688 non
301 637 405 687 medius
417 638 559 688 descendit
569 640 597 688 in
606 637 653 687 ilia
663 643 768 697 venter,

95 705 260 774 Adiuvitque
272 722 321 756 suo
333 707 517 772 procumbens
526 708 647 774 pondere
657 705 769 757 ferrum.
846 706 898 757 125

94 773 196 827 Stabat
207 776 314 826 diversa
324 777 413 826 victae
423 778 478 826 ium
490 783 568 843 parte
581 777 691 828 carinae

94 844 194 897 Infelix
203 847 267 914 Argi
277 846 397 912 genitor3
415 849 480 903 (non
490 846 535 896 ille
547 847 673 897 iuventae

96 915 237 981 Tempore
249 913 393 965 Phocaicis
405 916 452 965 ulli
463 931 589 966 cessurus
600 918 626 966 in
640 918 735 966 armis:

97 984 210 1035 Victum
221 999 289 1034 aevo
300 985 385 1034 robur
397 984 505 1046 cecidit,
516 983 659 1051 fessusque
671 993 783 1036 senecta

96 1053 269 1119 Exemplum,
280 1069 333 1103 uon
344 1053 422 1103 miles
434 1057 523 1117 erat3)
543 1055 597 1120 qui,
609 1052 705 1104 funere
716 1056 784 1117 riso,
846 1056 897 1106 ‘tao

97 1120 187 1189 Saepe
199 1123 300 1173 cadens
309 1123 408 1189 longae
420 1122 512 1172 senior
522 1137 572 1189 per
583 1128 703 1172 transtra
715 1126 824 1175 camurae

96 1191 227 1242 Pervenit
238 1191 271 1240 ad
283 1191 403 1257 puppim,
416 1192 605 1258 spirantesque
616 1192 719 1241 invenit
731 1198 814 1243 artus.

95 1259 159 1311 Non
169 1260 309 1324 lacrymae
323 1261 447 1310 cecidere
457 1261 542 1326 genis,
554 1276 608 1311 non
620 1262 837 1326 pectoratundit,

96 1330 232 1380 Distentis
243 1334 303 1378 toto
314 1329 398 1396 riguit
407 1330 455 1379 sed
466 1344 582 1396 corpore
593 1329 699 1397 palmis.

96 1395 161 1448 Nox
167 1397 248 1459 subit,
255 1403 336 1465 atque
344 1398 437 1449 oculos
443 1405 538 1449 vastae
545 1399 683 1449 obduxere
690 1400 829 1463 tenchrae,
842 1400 893 1451 135

96 1467 134 1517 Et
144 1467 271 1519 miserum
283 1482 396 1518 cemens
409 1483 560 1536 agnoscere
571 1469 670 1520 desinit
681 1470 789 1537 Argum

95 1536 144 1588 llle
156 1543 239 1603 caput
248 1538 342 1588 labens
354 1543 383 1589 et
393 1539 449 1588 iam
460 1538 618 1607 languentia
629 1540 708 1599 colla,

94 1607 163 1658 Viso
176 1612 264 1673 patre,
276 1606 362 1658 levat:
374 1623 428 1658 vox
439 1607 534 1660 fauces
545 1609 619 1659 nulla
631 1609 734 1660 solutas

99 1677 293 1744 Prosequitur:
305 1679 392 1728 tacito
404 1684 509 1728 tautum
521 1680 591 1745 petit
602 1679 696 1729 oscula
706 1680 791 1742 vultu,

93 1746 249 1815 Invitatque
259 1748 346 1812 patris
358 1747 510 1798 claudenda
519 1749 553 1798 ad
563 1749 665 1800 lumina
676 1749 810 1799 dextram.
845 1750 896 1800 740

94 1815 131 1866 Ut
142 1821 256 1882 torpore
267 1830 352 1866 senex
362 1818 460 1879 caruit,
470 1819 595 1885 viresque
608 1824 735 1868 cruentus

96 1885 194 1950 Coepit
204 1883 307 1934 habere
318 1885 405 1946 dolor,
418 1885 480 1938 Non
487 1888 600 1952 perdam
613 1897 743 1952 tempora,
758 1887 835 1951 dixit,

94 1953 119 2002 A
131 1952 217 2002 caeeis
226 1953 427 2020 permitterint,
437 1954 612 2025 iugulumque
622 1957 728 2009 senilem

96 2020 267 2093 Consortium.
299 2021 408 2073 Veniam
421 2025 517 2075 misero
528 2027 768 2092 contemperati,
903 2082 908 2094 ,

94 2090 178 2160 Arge,
189 2092 261 2157 quod
271 2092 420 2157 arripiemus,
433 2103 553 2144 extreme
566 2096 636 2160 pttotl
646 2098 736 2145 otcttle
743 2096 822 2164 fugi.
842 2098 893 2146 745

95 2159 221 2213 Nondum
232 2160 358 2213 destituit
369 2162 471 2212 calidae
483 2173 532 2213 tna
543 2166 655 2213 attinere
668 2163 789 2231 sanguis,

96 2230 326 2295 Semianimesque
337 2230 417 2290 iacet,
430 2241 457 2281 et
467 2231 555 2282 aditae
562 2241 638 2296 poter
651 2249 706 2282 eme
717 2245 857 2298 ertperttet.

95 2297 139 2349 Sic
150 2298 232 2364 latus,
244 2301 366 2370 quamvis
379 2301 504 2368 capulum
517 2317 567 2368 per
576 2301 682 2352 iisccra
692 2304 765 2352 missi

94 2368 233 2421 Polluerat
242 2370 335 2439 gladii,
346 2376 437 2421 tamen
449 2371 506 2421 alta
514 2371 562 2420 suh
576 2384 696 2436 aequora
705 2373 792 2423 tendit

92 2437 239 2506 Praecipiti
251 2441 331 2492 saltu.
359 2441 459 2491 Letum
472 2437 707 2506 praecederenati
839 2443 890 2494 150

90 2505 276 2559 Festinantem
288 2512 404 2562 annuam
416 2512 498 2561 morti
509 2525 563 2560 non
575 2509 691 2561 credidit
700 2512 754 2562 uni.

126 2577 500 2631 lnclinantiamlataducumr
513 2579 851 2648 neciamampliueanceps

90 2644 159 2698 Belli
173 2663 253 2699 casua
264 2656 336 2700 erat:
351 2649 451 2700 Graiae
464 2665 528 2716 pars
539 2650 660 2701 maxima
670 2650 764 2702 classis

88 2712 239 2836 Mppgitur:
253 2725 295 2769 ast
307 2719 376 2770 aliae
389 2726 493 2771 mutato
506 2722 609 2789 remige
620 2735 725 2787 puppes

152 2800 295 2838 ucarua
