1950 3218
201 183 487 236 l'HARSALlA.
522 184 612 237 ΗΒ.
643 187 694 238 Vl.
783 187 834 237 119

97 304 256 370 Litoraque,
270 310 298 354 et
309 303 405 372 plenae
416 306 561 373 peregrina
570 319 658 354 messe
670 307 787 356 carinae.
840 306 893 356 105

148 375 182 424 nt
191 373 260 424 liber
271 378 362 424 terrae
372 375 499 440 spatiosis
512 373 625 439 collibus
636 371 722 424 hostis

95 446 164 494 Aere
175 458 235 493 non
242 444 329 510 pigro,
339 457 390 493 nec
400 443 531 493 inertibus
543 443 651 509 angitur
661 443 751 492 undis=

88 510 150 563 'Sed
161 514 265 579 patitur
277 527 394 575 saevam,
404 512 488 562 veluti
498 510 682 562 circumdatus
694 517 771 560 arcta

91 581 255 642 Obsidione,
267 580 375 631 famem.
404 579 531 631 Nondum
544 580 716 647 surgentibus
727 580 811 630 altam

95 651 126 701 lu
137 655 259 717 segetem
271 649 374 711 culmis,
386 651 473 700 cernit
482 650 635 700 miserabile
646 647 741 716 vulgus
840 652 890 700 11⁰

95 720 126 770 ln
137 719 272 787 pecudum
284 719 414 769 cecidisse
425 719 510 781 eibos,
523 725 551 769 et
561 733 675 785 carpere
686 719 792 782 dumos,

89 789 133 840 Et
142 788 214 839 foliis
226 787 342 853 spoliare
353 802 456 850 nemus,
469 786 606 854 letumque
616 790 750 841 minantes

94 857 204 910 Vellere
216 857 250 907 ab
261 858 361 924 ignotis
373 857 468 906 dubias
478 856 615 907 radicibus
627 856 733 907 herbas.

96 924 837 993 Quaemollirequeunttlamma,quacfrangercmorsu,

95 997 227 1062 Quaeque
239 1010 287 1061 per
299 995 411 1044 abrasas
421 999 499 1045 utero
512 995 648 1044 dimittere
658 994 762 1058 fauces,
838 995 890 1046 115

93 1064 268 1130 Plurimaque
281 1061 404 1113 humanis
415 1069 477 1113 ante
490 1061 543 1112 boe
552 1064 692 1130 incognita
703 1054 802 1114 mensis

94 1133 232 1200 Diripiens
243 1132 329 1193 miles,
340 1139 462 1183 saturum
473 1137 565 1194 tamen
576 1131 683 1181 obsidet
695 1130 810 1183 bostem.

146 1204 183 1253 Ut
193 1203 309 1268 primum
318 1201 396 1251 libuit
406 1201 493 1268 ruptis
505 1200 622 1251 eradere
633 1199 757 1252 claustris

92 1272 237 1338 Pompeio,
249 1275 416 1336 cunctasque
426 1270 477 1320 sibi
489 1270 648 1336 permittere
659 1274 760 1322 terras:

91 1339 156 1392 Non
169 1338 287 1390 obscura
297 1340 366 1404 petit
376 1339 531 1390 latebrosae
543 1344 668 1405 tempora
679 1341 777 1402 noetis,
839 1341 890 1391 120

91 1411 130 1460 Et
140 1415 249 1475 raptum
259 1407 343 1469 furto,
355 1409 445 1459 soceri
456 1406 624 1459 cessantibus
637 1409 728 1470 armis,

91 1478 265 1546 Dedignatur
273 1477 339 1527 iter:
358 1477 420 1526 latis
430 1478 505 1528 exire
514 1477 598 1528 ruinis

93 1548 217 1609 Quaerit,
230 1555 257 1597 et
267 1545 383 1613 impulso
395 1553 484 1598 turres
496 1546 668 1615 confringere
678 1547 759 1611 vallo,

91 1618 200 1684 Perque
212 1631 306 1667 omnes
316 1616 435 1684 gladios,
454 1621 483 1667 et
493 1632 546 1684 qua
556 1617 600 1667 ria
612 1617 696 1668 caede
707 1618 831 1685 paranda

566 1692 616 1736 est.
721 1724 723 1728 Α

93 1757 255 1822 Opportuna
265 1760 356 1804 tamen
368 1754 430 1805 valli
442 1770 505 1822 pars
515 1755 574 1805 risa
582 1756 735 1822 propinqui,
838 1755 890 1806 125

93 1826 181 1885 Quam
192 1823 291 1872 Minuti
302 1823 415 1873 castella
424 1830 533 1884 vocant,
545 1829 574 1874 et
584 1823 716 1890 confraga
725 1824 817 1874 densis

91 1893 240 1945 Arboribus
250 1892 361 1942 dumeta
369 1897 474 1959 tegunt.
505 1893 568 1943 Huc
580 1893 690 1959 pulvere
702 1892 774 1942 nullo

92 1963 222 2014 Proditus
234 1976 331 2028 agmen
343 1962 408 2027 agit,
421 1962 526 2012 subitus
546 1977 581 2012 ue
592 1962 626 2012 ad
636 1963 744 2013 moenia
754 1962 838 2013 venit.

93 2034 151 2081 Tot
161 2030 240 2082 simul
252 2045 266 2080 e
278 2031 381 2095 campis
392 2028 491 2080 Latine
542 2045 602 2081 sere
613 2031 750 2091 volucres:

92 2103 151 2150 'lot
162 2100 286 2150 cecinere
296 2097 388 2148 tubae.
418 2097 459 2149 Ne
472 2099 535 2165 quid
546 2100 663 2149 victoria
673 2099 746 2149 ferro
839 2099 890 2149 13⁰

91 2169 224 2231 Deberet,
234 2182 321 2234 paror
331 2166 470 2217 adtonitos
482 2165 640 2218 coniecerat
649 2166 752 2217 hostes.

94 2239 175 2299 Quod
186 2237 273 2288 solum
283 2235 367 2286 valuit
377 2237 473 2297 virtus,
483 2237 593 2285 iacuere
605 2237 729 2301 peremti,

92 2307 253 2357 Debuerant
264 2321 316 2373 quo
328 2311 411 2367 stare,
420 2304 496 2355 loeo:
515 2304 561 2370 qui
571 2305 683 2355 vulnera
692 2302 796 2356 ferrent

92 2376 150 2426 lam
162 2376 285 2437 deerant,
297 2374 456 2440 nimbusque
467 2373 558 2424 ferens
569 2379 613 2423 tot
623 2373 677 2423 tela
687 2375 802 2440 peribat.

92 2447 165 2495 'l'um
178 2447 271 2512 piceos
282 2443 394 2494 volvunt
402 2444 539 2493 immissae
551 2443 690 2510 lanrpades
702 2444 792 2510 igneas
839 2445 891 2495 135
904 2444 907 2450 “

92 2517 165 2564 'Pum
175 2528 289 2580 quassae
301 2519 398 2563 nutant
408 2519 507 2574 turres,
517 2511 675 2579 lapsumque
683 2514 834 2566 minantur:

92 2584 210 2633 Roboris
220 2584 331 2648 impacti
344 2581 455 2632 crebros
465 2583 549 2649 gemit
559 2582 645 2649 agger
654 2581 688 2632 ad
698 2582 777 2635 ictus.

91 2655 150 2703 lam
162 2653 345 2718 Pompeianae
358 2651 423 2701 celsi
434 2666 516 2717 super
526 2651 611 2702 ardua
620 2651 684 2702 valli

90 2723 226 2772 Exierant
237 2721 353 2788 aquilae:
373 2721 426 2770 iam
439 2721 529 2770 mundi
542 2721 602 2771 iura
612 2723 750 2788 potebant.
814 2761 825 2773 .,
