1956 3106
217 179 506 230 PHARSALIA.
542 180 633 231 ΗΒ.
661 181 695 233 Χ.
771 183 819 232 241

88 306 275 367 Transtraque
286 306 428 349 nautarum
441 299 590 363 summique
602 313 694 351 arsere
701 297 819 351 ceruchi.
829 298 880 349 495

89 368 821 437 lampropesemustaemergunturinaequorcclasses‚

90 444 200 506 lamque
211 437 304 488 hostes
315 435 403 486 ettela
414 441 517 484 natant.
540 434 598 484 Nec
608 437 742 502 puppibus
752 435 822 503 ignis

91 508 216 558 Incubuit
226 506 303 557 solis:
322 504 369 554 sed
380 518 448 569 quae
458 504 546 553 vicina
556 503 632 553 fuere

92 581 180 628 'l'ecta
192 577 268 635 mari,
279 573 366 639 longis
379 587 492 637 rapuere
503 573 648 638 vaporibus
659 574 762 639 ignem:

91 649 128 697 Et
140 644 243 694 cladem
254 642 347 692 fovere
360 640 434 701 Noti,
446 656 628 708 percussaque
639 639 748 690 flamma
833 643 883 693 500

92 714 222 772 Turbine,
235 726 289 760 non
300 709 352 760 alio
364 715 441 759 motu
452 725 500 775 per
510 716 585 760 tecta
596 712 722 771 cucurrit,

94 784 180 842 Quam
193 779 263 829 solet
274 777 395 829 aetherio
405 779 509 843 lampas
523 779 673 829 discurrere
686 779 771 842 sulco,

92 850 261 915 Materiaque
273 863 368 898 carens
380 854 460 914 atque
473 847 569 897 ardens
581 863 644 898 aere
655 850 722 899 solo.

92 919 141 969 llla
151 918 209 968 lues
221 918 313 967 clausa
322 917 440 983 paullum
452 918 591 965 revocavit
603 917 636 967 ab
649 919 711 968 aula

92 988 171 1038 Urbis
181 989 207 1037 in
218 987 346 1036 auxilium
358 986 480 1052 populos.
507 984 564 1034 Nec
576 992 701 1051 tempora
713 988 796 1037 cladis
833 988 883 1038 505

91 1058 214 1107 Perdidit
223 1058 250 1105 in
262 1070 380 1116 somnos,
392 1055 440 1103 sed
451 1068 535 1105 caeca
545 1060 625 1103 nocte
637 1056 734 1105 carinis

91 1126 196 1175 Insiluit
208 1127 317 1185 Caesar,
331 1138 439 1188 semper
449 1122 565 1173 feliciter
576 1137 640 1172 usus

92 1195 241 1259 Praecipiti
253 1208 332 1242 cursu
342 1192 483 1253 bellorum,
497 1198 524 1241 et
535 1198 658 1256 tempore
669 1198 758 1257 rapto.

92 1264 171 1310 Tunc
195 1262 340 1310 claustrum
368 1261 457 1327 pelagi
483 1262 555 1326 cepit
581 1257 697 1310 Pharon.
735 1260 826 1311 insula

565 1330 698 1394 qnondam

92 1402 121 1450 ln
135 1398 224 1447 medio
236 1399 312 1446 stetit
321 1397 368 1446 illa
379 1400 455 1458 niati,
467 1398 514 1447 sub
526 1403 649 1462 tempore
659 1399 729 1446 vatis
834 1399 883 1448 510

92 1469 221 1517 Proteos:
242 1472 271 1515 at
280 1483 350 1516 nnnc
363 1472 405 1516 est
415 1467 530 1517 Pellaeis
541 1468 666 1533 proxima
676 1468 767 1519 narius.

93 1538 141 1587 llla
154 1537 213 1586 duci
225 1537 347 1603 geminos
357 1536 488 1586 bellorum
501 1538 637 1603 praestitit
647 1553 723 1586 usus:

92 1606 209 1655 Abstulit
220 1620 350 1655 excursus
361 1612 388 1656 et
400 1605 493 1656 fauces
505 1608 631 1672 aequoris
642 1603 728 1670 hosti3

95 1676 217 1725 Caesaris
231 1674 335 1724 auxiliis
347 1675 436 1725 aditus
447 1691 480 1725 ac
491 1676 577 1725 libera
588 1678 665 1742 ponti

95 1744 311 1805 Ostiapermisit.
340 1742 705 1809 NecpoenasindePothini
836 1744 885 1793 515

95 1809 207 1859 Distulit
217 1810 343 1858 ulterius:
363 1811 411 1860 sed
422 1828 474 1861 non
487 1829 539 1877 qua
550 1813 644 1862 debuit
652 1813 702 1873 ira,

97 1875 824 1940 Noncruce,nondammis,rabidonondenteferarum:

97 1949 158 1996 Heu
170 1945 288 1994 facinus!
308 1947 399 1995 cervix
408 1947 499 2013 gladio
510 1948 580 1996 male
593 1963 674 1997 caesa
684 1947 825 2013 pependit:

95 2015 189 2080 Magni
201 2019 288 2063 morte
300 2015 376 2078 perit.
389 2044 420 2051 —
439 2014 560 2077 Necnon,
573 2016 701 2082 subrepta
712 2018 814 2082 paratis

95 2086 117 2134 A
128 2081 229 2132 fanmlo
242 2083 402 2146 Ganymede
413 2084 490 2146 dolis,
503 2086 625 2149 pervenit
638 2085 672 2134 ad
682 2083 776 2135 hostes
837 2083 887 2133 520

97 2153 220 2203 Caesaris
233 2153 357 2200 Arsinoe:
377 2168 444 2217 quae
455 2159 545 2203 castra
556 2156 677 2203 carentia
687 2169 751 2219 rege

96 2224 131 2272 Ut
142 2221 232 2286 proles
245 2221 338 2286 Lagea
349 2226 432 2281 tenet,
445 2221 627 2288 famulumque
638 2223 748 2287 tyranni

97 2290 257 2340 Terribilem
267 2290 484 2357 iustotransegit
494 2288 613 2340 Achillea
624 2291 705 2341 ferro.

96 2360 196 2420 Altera,
208 2361 318 2425 Magne,
328 2360 381 2408 tuis
394 2360 446 2408 iam
458 2360 570 2409 victima
580 2362 697 2410 mittitur
706 2358 821 2410 umbris:

96 2428 225 2477 Necsatis
235 2427 415 2477 bocFortuna
425 2435 510 2494 putat.
530 2428 629 2478 Procul
642 2429 720 2491 absit,
732 2435 763 2478 ut
773 2430 827 2480 ista
837 2428 888 2479 525

96 2496 240 2546 Vindictae
251 2497 286 2546 sit
298 2513 402 2546 summa
413 2504 485 2548 tuae.
506 2497 565 2547 Non
576 2499 634 2563 ipse
645 2504 777 2563 tyrannus

96 2564 238 2614 Sufficitin
251 2580 360 2630 poenas,
373 2582 426 2615 non
439 2567 525 2615 omnis
536 2569 611 2632 regia
623 2568 700 2634 Lagi.

96 2634 168 2683 Dum
181 2635 260 2698 patrii
273 2635 381 2684 veniant
391 2637 417 2683 in
429 2637 534 2685 viscera
546 2637 669 2686 Caesaris
682 2652 769 2698 enses,

96 2703 213 2820 Malignus
224 2702 325 2752 inultus
338 2705 395 2753 erit.
416 2703 469 2754 Sed
481 2719 533 2754 non
545 2710 657 2757 auctore
669 2704 770 2756 luroris

148 2785 306 2822 lucanus
658 2777 682 2837 Q
