1956 3106
90 124 95 167 ἑ
150 123 202 174 1ῗὸ
324 123 362 173 Μ.
399 121 501 173 ΑΝΝ.
536 120 718 173 Luan1

151 240 213 292 Non
224 241 295 292 aries
305 241 373 303 illis,
384 259 436 292 non
447 243 502 291 ulla
513 248 553 290 est
561 239 687 290 machina
699 239 774 291 delli.-

150 311 235 362 Haud
239 311 333 381 fossas
344 311 455 375 iinplere
471 311 576 359 nolent.-
592 307 749 375 Parthoque
760 320 892 376 sequente

151 379 247 429 Murus
259 379 324 439 erit,
336 381 515 444 qisodsumque
523 386 615 443 potest
625 377 732 428 obstare
744 378 875 446 sagittae.

89 448 140 498 380
152 448 252 516 Pugna
271 448 352 509 leuis,
375 448 521 511 bellumque
531 446 640 516 fugax,
664 455 822 513 turmaeque
838 465 888 499 oa-

618 523 727 580 gantas,

150 585 193 636 Et
204 586 297 635 melior
309 584 415 634 cessisse
426 586 494 642 loco,
505 598 584 646 qssam
593 584 705 647 pellere,
716 583 799 634 miles.

152 654 228 705 Illita
241 657 295 704 tela
307 653 385 713 dolis,
397 668 444 702 nec
457 650 574 701 Martem
586 651 729 702 comminus
741 669 869 720 umquam

150 723 224 772 Ausa
232 721 295 788 puli
304 721 405 782 virtus,
417 721 463 770 sed
473 721 551 787 longe
560 720 669 770 tesidere
679 736 781 779 neruos,

151 790 202 851 Et,
214 806 263 854 asso
276 790 349 849 ferre
360 789 443 840 oelint
451 825 457 849 ‚
466 788 625 854 permittere
635 790 746 839 riclnera
757 792 854 842 oenus.

91 859 141 909 385
152 859 234 910 Ensis
240 848 318 908 teitu
329 859 406 919 uires,
415 867 441 908 et
448 873 516 924 gens
523 872 700 923 quoecumque
708 858 828 911 uirorum
836 870 887 922 est,

150 927 227 979 Bella
239 928 312 994 gerit
321 927 425 996 gladiis
437 943 447 986 ;
468 943 529 976 nam
541 925 633 976 Medos
641 927 749 992 praelia
755 929 850 993 prima

151 997 322 1058 Exornant,
332 1011 482 1059 vacuaeque
493 994 585 1046 iislent
596 1011 716 1045 remeare
723 995 886 1062 pharetrae.

150 1064 231 1117 Nulla
243 1084 337 1118 suanus
349 1067 413 1127 illis,
417 1065 526 1134 fiducia
540 1074 599 1116 tota
608 1065 702 1115 ueneni
713 1075 761 1116 est.

156 1133 263 1196 Credis,
276 1135 391 1204 Magne,
401 1136 486 1195 uiros,
498 1150 562 1201 qrsos
573 1134 601 1185 r'n
614 1133 771 1185 discrimina
782 1135 846 1185 belli

90 1204 141 1257 390
154 1203 219 1254 Cum
226 1207 306 1275 ferro
317 1206 417 1255 uenisse
423 1219 522 1270 parum
533 1205 590 1253 est?
604 1202 720 1253 Tentare
728 1204 887 1269 pudendam

151 1273 291 1325 Auxilium
303 1275 376 1326 tanti
388 1283 440 1334 est,
453 1282 508 1323 toto
521 1272 622 1324 diuisus
633 1281 664 1322 ut
676 1271 736 1322 orlse

149 1342 174 1390 Α
186 1351 260 1393 terra
272 1344 389 1394 moriare
402 1343 468 1393 tna?
480 1343 529 1392 tibi
540 1342 656 1392 barbara
668 1342 745 1391 lellus

149 1410 305 1473 incurrebat,
317 1422 343 1462 te
352 1428 438 1477 parva
451 1421 547 1478 tegant
558 1427 590 1462 ac
600 1410 666 1460 uilia
678 1410 764 1471 lusto,

150 1478 288 1530 insidiosa
299 1489 401 1540 tamen,
415 1479 513 1529 Crasso
523 1488 669 1546 quaerente
680 1477 868 1545 sepulchrum?

89 1547 140 1598 395
153 1548 319 1598 Sedlaasors
330 1547 550 1612 levior‚qsconiam
556 1563 626 1597 mors
635 1547 824 1614 ultimapoena
835 1558 885 1611 est,

150 1614 208 1666 Nec
219 1618 358 1666 metuenda
370 1616 445 1666 siris.
464 1615 504 1665 As.
512 1633 563 1667 non
576 1615 701 1668 Cornelia
712 1618 794 1667 letam

151 1685 269 1754 infando
280 1684 326 1734 sub
337 1701 400 1751 rege
413 1685 498 1735 timet.
527 1684 585 1736 Non
597 1685 713 1737 tartara
725 1686 799 1737 nobis

148 1752 203 1803 Est
214 1752 309 1821 ignota
326 1752 425 1815 Venus,
437 1768 505 1819 quae
514 1753 572 1804 ritu
583 1754 797 1823 coecaferarnm

149 1823 254 1874 Polluit
265 1822 412 1875 innumeris
423 1826 507 1891 leges,
520 1830 547 1873 et
553 1824 671 1894 foedera
684 1823 760 1874 tedae

88 1894 139 1941 400
155 1890 334 1961 Coniugibus,
345 1890 510 1957 thalamique
518 1901 617 1958 patent
627 1902 729 1945 secreta
740 1892 867 1964 nefandi.

148 1961 226 2011 luter
238 1962 308 2012 niille
319 1976 403 2012 nurus
416 1961 501 2027 epulis
511 1977 609 2012 nesano
621 1976 743 2028 meroque

149 2029 238 2098 Regia
248 2047 300 2081 non
309 2032 377 2080 allos
389 2040 510 2095 exceptos
521 2030 623 2098 legibus
633 2029 727 2080 lorret

151 2097 328 2151 Concubitus:
340 2109 380 2151 tot
386 2098 514 2170 femineis
526 2099 702 2165 complexibus
713 2114 797 2148 unum

149 2166 178 2216 N
179 2185 211 2219 on
224 2171 309 2219 lassat
318 2186 371 2220 nox
382 2186 436 2220 neno
448 2184 555 2218 suarem.
584 2168 697 2219 Iocssere
708 2182 816 2217 sorores

88 2234 138 2284 405
153 2236 184 2288 la
189 2237 316 2307 fratrum
323 2237 458 2298 thalamis,
466 2237 746 2305 sacrataquepignoro
755 2244 886 2287 matrum.

86 2337 89 2343 -
149 2303 272 2357 Dansnat
285 2308 360 2372 opud
368 2316 463 2374 gentes
474 2307 581 2356 sceleris
592 2323 644 2357 non
656 2313 749 2371 sponte
758 2304 870 2370 peracti

152 2373 362 2441 Oedipodionias
372 2376 471 2445 infelix
475 2375 576 2446 fabula
591 2373 708 2426 Urtius:

148 2443 316 2495 Parthorum
328 2445 448 2495 dominus
459 2444 561 2510 quoties
572 2444 610 2494 sic
620 2441 752 2511 sanguine
760 2441 851 2493 misto

150 2512 278 2564 Nascitur
290 2513 449 2564 Arsacides?
468 2513 519 2564 Cui
526 2513 576 2584 sar
587 2513 696 2578 implere
704 2521 861 2576 parentem,

87 2582 139 2630 410
154 2580 227 2642 Quid
236 2600 298 2632 rear
309 2599 363 2633 esse
374 2584 471 2653 nefas?
489 2583 585 2633 Proles
597 2591 652 2631 tam
663 2582 740 2631 clara
750 2579 863 2632 Metelli

150 2649 239 2700 sentis
253 2652 395 2701 barbarico
405 2652 503 2702 conius
511 2650 650 2702 millesima
662 2652 737 2700 lecto.
