1956 3106
13 100 141 125 μ

148 257 181 307 62
312 255 350 306 Μ.
386 249 488 303 ANN.
523 251 705 304 LUCANI

148 375 326 441 Deriguitque
338 378 432 423 tenens
444 373 544 420 strictis
556 373 700 422 immortua
711 372 809 423 nervis.

151 445 242 492 Crevit
252 445 280 493 in
292 443 413 493 adversis
423 442 520 490 virtus:
533 441 592 506 plus
603 440 698 490 nobilis
710 441 766 490 irae

89 511 140 560 615
154 513 278 562 Truncus
288 510 383 561 habet:
402 509 520 575 fortique
535 512 670 559 instaurat
680 510 784 574 proclia
793 509 883 573 laeva,

151 578 881 647 Rapturusquesuamprocumbitinaequorndextram.

150 651 229 700 Haec
241 664 347 717 quoque
359 663 419 698 cum
429 653 489 697 toto
501 662 596 696 manus
603 656 644 697 est
651 648 757 696 abscisa
767 646 885 697 lacerto.

151 719 208 768 lam
220 718 317 784 clypeo
329 717 442 784 telisque
454 731 559 776 carens,
570 731 624 766 non
637 716 763 765 conditur
772 718 827 765 ima

151 787 259 852 Puppe:
272 787 320 837 sed
331 787 479 851 expositus,
490 784 664 852 fraternaque
676 792 788 850 pectore
798 786 871 835 nude

91 856 141 906 626
152 859 233 907 Arma
243 863 346 921 tegens,
360 855 455 904 crebra
467 855 588 903 confixus
599 855 709 918 cuspide
721 860 838 919 perstat:

152 925 273 991 Telaque
286 924 430 973 multorum
441 924 496 972 leto
509 938 606 973 casura
616 938 724 974 suorum

151 994 274 1042 Emerita
284 996 337 1042 iam
348 999 435 1042 morte
446 998 530 1042 tenet.
550 994 620 1041 'l'um
632 992 741 1040 vulnere
753 991 838 1048 multo

151 1061 332 1127 Effugientem
345 1062 460 1110 animam
472 1061 559 1112 lassos
569 1061 679 1128 collegit
687 1061 714 1108 in
727 1067 814 1109 artus:

151 1130 328 1198 Membraque
342 1130 482 1180 contendit
493 1136 562 1191 toto,
574 1130 734 1196 quicumque
745 1129 886 1191 manebat,

93 1199 142 1248 625
155 1197 299 1265 Sanguine,
312 1206 340 1250 et
350 1199 483 1260 hostilem,
495 1198 609 1249 defectis
619 1199 718 1249 robore
728 1199 865 1261 membris,

81 1322 84 1327 ,
154 1269 266 1330 Insiluit,
278 1270 336 1318 solo
348 1271 486 1320 nociturus
497 1269 626 1334 pondere,
637 1269 756 1335 puppim.

155 1335 252 1403 Strage
265 1339 350 1387 sirum
362 1339 500 1388 cumulata
509 1339 585 1398 ratis,
597 1336 735 1403 multoque
748 1351 844 1387 cruore

154 1405 247 1466 Plena,
259 1423 307 1471 per
319 1407 455 1473 obliquum
468 1407 578 1456 crebros
590 1407 660 1456 latus
672 1407 771 1472 accipit
781 1406 860 1455 ictus.

153 1476 188 1522 At
198 1482 341 1541 postquam
353 1478 438 1541 ruptis
451 1476 561 1541 pelagus
579 1475 755 1540 compagibus
766 1473 869 1535 hausit,

93 1541 193 1592 63111111
207 1559 325 1592 summos
338 1546 441 1607 repleta
451 1544 534 1603 foros,
548 1543 688 1592 descendit
697 1545 724 1592 in
735 1544 830 1606 undas,

154 1611 280 1680 Vicinum
290 1613 428 1661 involvens
440 1618 567 1661 contorto
577 1613 680 1661 vortice
692 1618 815 1679 pontum.

152 1680 278 1744 Aequora
288 1680 429 1730 discedunt
441 1695 529 1729 mersa
540 1680 650 1730 diducta
661 1683 762 1743 carina,

152 1749 236 1814 lnque
246 1748 334 1797 locum
347 1751 442 1815 puppis
449 1749 635 1799 ceciditmare.
646 1751 786 1817 Multaque
798 1758 886 1816 ponto

152 1816 282 1867 Praebuit
292 1817 339 1867 illa
349 1818 407 1868 dies
418 1819 484 1867 varii
497 1819 628 1868 miracula
638 1819 695 1868 fati.

93 1885 143 1935 635
207 1887 884 1952 Ferreadumpuppirapidosmanusinsen'tuncos‚

153 1956 253 2006 Adfixit
263 1955 406 2020 Lycidam.
425 1958 531 2006 Mersus
543 1955 615 2006 foret
625 1958 669 2007 ille
680 1955 825 2022 probando,

154 2023 207 2075 Sed
217 2023 443 2090 prohibentsocii,
455 2041 725 2092 suspensaquecruru
736 2031 881 2077 retentant.

155 2092 291 2144 Scinditur
304 2094 422 2144 avulsus:
435 2110 494 2155 nec,
506 2096 576 2144 sieut
586 2096 705 2155 vulnere,
717 2096 826 2160 sanguis

152 2165 271 2214 Emicuit
281 2163 382 2213 lentus:
395 2165 480 2229 ruptis
492 2164 565 2214 cadit
575 2164 691 2230 undique
703 2164 790 2212 venis:

93 2230 143 2280 6411
154 2233 352 2299 Discursusque
365 2234 470 2283 animae
481 2233 588 2282 diversa
598 2235 625 2281 in
637 2231 757 2282 membra
767 2229 884 2279 meantis

153 2304 323 2368 Interceptus
338 2303 422 2368 aquis.
441 2301 545 2352 Nullius
557 2304 613 2351 vita
624 2300 757 2366 perempti
820 2318 823 2323 ·

152 2371 203 2419 Est
214 2378 292 2420 tanta
303 2371 414 2421 dimissa
424 2372 480 2421 via:
492 2387 554 2436 pars
566 2371 659 2420 ultima
667 2369 755 2417 trunci

153 2440 280 2490 Tradidit
290 2442 318 2489 in
330 2441 413 2490 letum
424 2456 526 2490 vacuos
537 2438 661 2489 vitalibus
673 2443 760 2500 artus,

154 2510 188 2557 ,11
198 2510 316 2558 tumidus
328 2524 381 2577 qua
391 2510 482 2576 pulmo
493 2511 573 2569 iacet,
586 2522 638 2574 que
652 2507 757 2557 viscera
767 2503 885 2568 fervent,

95 2575 144 2625 645
157 2577 312 2627 Haeserunt
321 2579 359 2628 ibi
371 2578 429 2628 fata
439 2579 497 2628 diu:
508 2578 663 2644 luctataque
674 2575 788 2625 multum

153 2645 215 2694 Hae
228 2661 287 2695 eum
300 2653 377 2712 parte
390 2649 438 2696 viri
450 2649 493 2695 vix
506 2648 596 2698 omnia
606 2645 728 2697 membra
737 2644 868 2695 tulerunt.

207 2715 277 2764 Dum
288 2717 397 2766 nimium
409 2730 517 2781 pugnax
528 2717 605 2764 unius
616 2715 698 2765 turba
709 2715 817 2765 carinae

152 2784 287 2834 Incumbit
297 2800 384 2845 prono
394 2784 481 2844 lateri,
493 2793 659 2850 vacuamque
671 2784 805 2850 relinquit,
