1950 3218
217 110 507 163 PHARSALIA.
543 112 632 163 LlB.
650 112 702 163 lx.
782 115 831 162 201

95 230 273 298 Clarrrafldes
283 230 397 290 miseris,
410 241 436 282 et
448 239 507 282 tota
519 232 590 281 solus
600 230 628 281 in
639 230 700 281 orbe
710 239 757 291 est,

95 299 149 365 Qui
159 301 223 352 oelit
232 317 266 351 oe
275 299 362 366 poerit
371 300 450 350 victis
458 309 604 365 praestare
616 302 737 351 solertem.

93 369 232 437 Pompeio,
243 372 329 420 scelus
342 379 381 420 est
391 369 485 420 bellum
498 369 584 431 ciuile,
592 377 723 435 peremto,

97 439 156 503 Quo
162 440 263 509 suerat
276 438 388 499 virente,
393 437 475 506 fides.
496 437 527 488 ss·
536 437 646 504 publiea
659 438 731 498 iura,

93 511 124 562 ss·
134 526 237 575 semper
245 506 368 574 patriam
380 502 506 572 sequeris,
520 506 597 569 Cato,
609 508 826 576 signapetamus,
838 507 892 558 25⁰

92 579 231 630 Romanus
242 594 311 644 quae
322 579 415 628 consul
425 577 512 628 labet.
531 575 577 627 Sic
588 577 633 628 ille
645 576 771 644 prolatus
790 637 791 640 Ἴ

93 648 196 698 lusiluit
208 648 299 713 puppi,
310 647 435 695 iuvenum
447 647 595 696 comitante
607 646 731 696 tumultu.
818 667 822 673 ¹

91 719 188 765 Actum
199 716 327 766 Romanis
338 714 429 765 fuerat
440 715 474 766 de
486 714 575 776 rebus,
589 721 617 765 et
627 717 714 766 omnis

93 785 189 852 Indiga
199 786 301 836 servitii
314 782 438 834 fervebat
450 781 530 833 litore
541 784 642 849 plebes.

143 855 267 919 Erupere
279 854 355 903 ducis
367 868 446 903 sacro
460 852 493 902 de
504 859 617 918 pectore
627 869 722 905 voces:
838 854 888 902 255

89 923 169 990 Ergo
177 922 245 989 pari
254 933 314 973 voto
323 922 433 990 gessisti
445 922 521 983 bella,
532 921 666 984 inventus,

95 991 251 1059 Tes'quoque
259 1009 311 1059 pro
324 990 445 1051 dominis,
458 999 485 1040 et
496 990 663 1057 Pompeiana
670 990 768 1061 finisti,

90 1063 151 1114 Non
161 1063 283 1113 Rauenna
296 1061 408 1111 ruauus?
428 1059 507 1122 Quod
517 1059 604 1111 nonin
614 1075 698 1128 regna
710 1059 825 1118 laboras,

93 1132 172 1194 Quoad
190 1131 253 1191 tili,
273 1146 325 1180 non
341 1129 468 1190 ducibus,
484 1128 550 1180 visis
567 1127 743 1195 morerisque,
759 1128 830 1194 quod

567 1198 656 1247 orbem

91 1264 220 1330 Adquiris
230 1264 305 1327 nulli,
317 1265 454 1333 quodiam
467 1266 519 1316 tibi
530 1266 633 1317 sineere
646 1275 735 1318 tntum
747 1276 797 1328 est,
838 1264 888 1314 26ss

93 1334 169 1385 llella
175 1333 266 1403 fugis,
279 1335 438 1402 quaerisque
449 1335 543 1401 iugum
555 1335 657 1386 eeroiee
667 1344 792 1398 vacante,

93 1404 131 1453 ll!
145 1403 230 1454 neseis
241 1403 298 1454 sine
309 1422 373 1474 rege
381 1404 452 1471 pati.
471 1402 550 1456 Nunc
560 1421 643 1456 causo
650 1404 750 1471 pericli

90 1473 187 1541 Digna
199 1473 273 1524 viris.
290 1472 384 1525 Vestro
393 1474 484 1540 poterit
497 1475 642 1542 Pompeius
654 1474 733 1526 abuti

92 1541 243 1610 Sanguine:
255 1545 444 1611 nernepatrine
455 1545 564 1612 iugulos
576 1561 699 1610 ensesque
709 1542 826 1612 negotis,

93 1609 159 1661 Cum
169 1629 251 1678 prope
261 1613 390 1667 libertas?
411 1613 498 1666 Unum
510 1613 634 1667 Fortuna
645 1613 756 1681 reliquit
835 1611 888 1661 265

90 1681 149 1732 Iam
161 1681 245 1731 tribus
255 1699 268 1730 e
280 1683 403 1735 dominis.
423 1684 548 1734 Pudeat:
559 1687 618 1749 plns
629 1683 707 1751 regia
719 1681 777 1733 Nili

93 1749 217 1802 Contulit
226 1751 255 1801 in
267 1752 346 1818 leges,
357 1761 384 1802 et
394 1752 495 1802 Partiri
506 1753 600 1803 militis
611 1767 700 1803 arcies.

92 1820 143 1881 lte,
155 1837 170 1870 o
182 1821 334 1888 degeneres,
345 1818 497 1871 Ptolomaei
507 1837 603 1873 munros
615 1831 640 1871 et
653 1836 729 1872 arnna

92 1889 224 1956 Spernite.
247 1888 313 1950 Quis
324 1899 428 1940 nestros
441 1891 497 1939 ulla
505 1899 586 1955 putet
596 1906 651 1940 esse
663 1897 785 1941 nocentes

91 1958 179 2009 Caede
192 1958 302 2008 rosanus?
321 1957 421 2008 Credet
422 1957 525 2027 faciles
536 1958 587 2009 sili
598 1969 676 2019 terga
688 1957 799 2020 dedisse,
834 1959 885 2008 27⁰

91 2028 190 2077 Credet
202 2027 233 2075 alr
245 2026 382 2078 Emathiis
391 2027 493 2093 primos
500 2027 610 2096 fugisse
622 2025 767 2092 Philippis.

97 2096 193 2146 Vadite
206 2096 293 2145 securi
300 2116 309 2154 ,-
327 2097 463 2147 meruistis
473 2095 560 2146 iudice
571 2097 654 2148 vitam

90 2168 220 2226 t'aesare,
232 2183 283 2216 non
297 2166 390 2227 aronis,
402 2183 452 2216 reon
466 2163 600 2215 obsidione
611 2162 722 2215 subacti.

92 2233 116 2286 0
122 2235 228 2316 sarrsuli
238 2245 339 2302 turpes,
352 2235 450 2286 domini
456 2234 593 2317 postsnta
603 2232 704 2300 prioris

88 2304 142 2354 ltu
153 2305 189 2355 ad
200 2304 329 2357 heredem.
351 2304 405 2355 Cur
416 2321 468 2355 non
479 2320 584 2355 maiora
597 2303 704 2365 mereri,
835 2300 886 2350 2⁶15

92 2373 179 2436 Quam
190 2375 274 2424 eitam
286 2373 443 2440 ueniamque
455 2373 538 2424 libet?
556 2371 729 2439 Rapiaturin
740 2371 826 2422 sendus

89 2441 194 2513 Infelix
207 2442 306 2511 Magni
317 2445 424 2503 coniux,
433 2445 575 2509 prolesque
589 2441 705 2493 Metelli:

89 2511 191 2562 Ducite
202 2511 356 2578 Pompeios:
377 2512 529 2564 Ptolemaei
539 2511 639 2564 vincite
649 2525 751 2562 munus.

89 2583 191 2658 JlJostra
204 2598 304 2649 quoque
315 2583 400 2634 inviso
412 2580 616 2662 queisqnisseret
628 2599 676 2632 oro
687 2589 810 2648 tyranno,

44 2706 51 2713 ,,
90 2655 148 2703 λυιι
159 2669 245 2717 paron
258 2654 378 2703 mercede
389 2651 473 2702 dulit.
493 2652 568 2703 Sciet
579 2652 634 2701 ista
648 2651 771 2701 iuoerdus
835 2648 885 2696 28⁰
