1956 3106
151 142 202 190 180
325 140 363 189 M.
398 136 500 189 ΑΝΝ.
536 133 717 188 LUCANl

150 258 206 309 Aut
218 257 303 309 louis:
313 257 343 310 iu
353 259 411 308 solo
423 265 503 307 touta
515 254 668 323 estfiducio
681 253 753 305 Nilo.

150 322 886 395 SceptropuerPtolemaeurleodet,tibideos'tuMogne,

153 396 267 448 Tutelae
278 396 416 447 oonrrnissu
427 404 498 445 tuoe.
520 393 587 457 Quis
598 393 713 446 rsorus‘m‘s
724 393 848 444 anstrum

89 467 141 518 450
152 466 291 518 Horreut?
312 466 431 517 Innocua
443 474 483 514 eet
494 474 585 514 uetus:
597 479 645 514 uec
654 463 718 512 iuro
723 461 870 530 fidemque,

151 535 361 601 Respectumque
372 535 446 584 deum
458 533 554 583 veteris
565 530 715 598 speraveris
727 533 816 581 outae.

151 603 198 655 Nil
206 606 290 672 pudet
298 603 421 653 adsuetos
430 601 558 668 sceptris:
569 600 712 650 mitism'mu
722 616 779 651 rore
794 610 834 651 est

150 672 307 741 Regnorum
318 671 365 722 sub
377 688 440 737 rege
451 686 525 722 uooo.
554 669 615 720 Non
626 668 705 735 plura
713 669 823 720 locutus

151 743 260 807 lmpulit
270 740 324 790 huc
336 741 448 790 animos.
469 741 606 800 Quanmm
618 753 680 803 spes
690 737 786 788 ultima
797 752 888 789 rerum

89 810 140 860 455
151 810 300 860 Libertatis
312 807 407 859 habet!
426 808 509 860 Victa
519 814 561 860 est
571 808 707 859 sententia
715 808 819 874 Magni,

202 881 280 930 'l'unc
292 878 404 929 Cilicum
413 878 516 945 liquere
527 879 622 938 solum,
636 878 782 943 Cyproque
788 878 888 928 citatas

152 948 291 999 lmmisere
302 953 391 1010 rates,
402 947 489 997 nullas
501 949 543 998 cui
554 944 684 1014 praetulit
695 960 757 996 aras

153 1017 246 1068 Undae
260 1016 436 1068 diramemor
446 1015 582 1083 Paphiae,
594 1017 617 1066 si
627 1016 738 1064 numina
747 1016 825 1066 nasci

152 1085 302 1149 Credimus,
315 1092 362 1137 aut
368 1102 530 1155 quemquam
537 1086 578 1135 fas
585 1084 880 1150 estooepissedeorum

90 1155 142 1206 460
154 1156 233 1206 Haec
242 1157 288 1206 ubi
300 1156 421 1206 deseruit
432 1155 579 1223 Pompeius
591 1154 685 1214 litora,
696 1158 772 1203 totos

150 1225 284 1276 Emensus
296 1226 380 1292 Cypri
391 1225 527 1290 scopulos,
540 1224 637 1291 quibus
649 1223 706 1273 exit
715 1223 887 1287 industrum‚

151 1293 217 1345 lnde
227 1296 309 1345 marls
319 1296 391 1344 vasti
401 1300 558 1345 transvorso
569 1293 684 1343 vertitur
695 1296 788 1342 aestu:

149 1361 207 1413 Nee
218 1364 307 1414 tenuit
316 1369 424 1431 gratum
435 1369 570 1414 nocturno
582 1362 683 1412 lumine
693 1365 824 1425 montem,

150 1431 298 1499 Infimaque
308 1434 426 1499 Aegypti
437 1433 554 1499 pugnaci
562 1431 645 1482 litora
654 1430 715 1481 velo

91 1499 140 1549 105
152 1500 206 1551 Vix
216 1502 320 1568 tetigit,
334 1516 387 1568 qua
398 1501 499 1550 dividui
509 1517 572 1566 pars
583 1501 704 1550 maxima
713 1500 768 1553 Nili

150 1569 181 1618 ln
192 1569 263 1618 rada
276 1569 396 1619 decurrit
407 1569 516 1619 Pelusia
528 1571 659 1635 septimus
671 1570 764 1620 amnis.

150 1638 271 1702 Tempus
284 1642 356 1699 erat,
370 1652 423 1703 quo
434 1637 519 1687 Libra
530 1653 610 1703 pares
621 1639 760 1689 examinat
770 1637 855 1691 horas

150 1703 213 1755 Non
222 1721 276 1757 uno
288 1706 348 1772 plus
360 1721 448 1773 aequa
460 1707 517 1769 die,
529 1708 659 1775 noctique
668 1709 794 1774 rependit

149 1774 212 1824 Lux
222 1776 311 1826 minor
322 1773 462 1842 hybernae
473 1777 550 1827 verni
559 1777 659 1828 solatia
670 1777 769 1828 damni.

88 1845 140 1894 470
153 1845 292 1911 Comperit
302 1851 334 1896 ut
343 1859 437 1913 regem
449 1846 529 1897 Casio
542 1861 571 1897 se
582 1853 675 1897 monte
686 1852 790 1909 tenere,

148 1913 248 1964 Flectit
258 1916 324 1965 iter:
348 1929 400 1964 nec
415 1913 543 1966 Phoebus
559 1914 666 1978 adhuc,
683 1932 735 1968 nec
752 1917 870 1969 carbasa

624 1985 667 2035 lan
708 1992 762 2036 ent.

202 2052 260 2102 lam
271 2053 367 2118 rapido
380 2053 537 2119 speculator
553 2068 635 2122 eques
650 2002 793 2122 pgilitora
805 2070 888 2107 cursu

149 2120 275 2186 Hospitis
286 2122 404 2174 adventu
414 2123 541 2189 pavidam
554 2124 741 2191 compleverat
752 2126 852 2175 aulam.

150 2189 261 2241 consilli
271 2192 317 2241 rix
326 2197 434 2258 tempus
446 2198 519 2243 erat=
538 2198 630 2243 tamen
643 2196 734 2244 omnia
745 2200 872 2245 monstra

88 2257 139 2310 475
151 2259 279 2310 Pellaeae
290 2261 382 2311 coiere
392 2260 504 2311 domus:
524 2276 591 2328 quos
600 2264 672 2313 inter
681 2261 823 2315 Achoreus

149 2329 207 2379 lam
217 2328 341 2395 placidus
352 2330 443 2392 senio,
454 2328 604 2397 fractisque
616 2331 766 2384 modestior
776 2335 866 2396 mnis,

149 2397 243 2459 (Hunc
273 2399 348 2449 enuit
360 2403 453 2450 custos
462 2398 517 2450 Nili
529 2402 677 2452 crescentis
687 2402 716 2452 in
727 2417 793 2454 arra

146 2466 240 2533 Momp
293 2482 365 2518 vana
376 2469 476 2533 sacris3
494 2469 540 2520 illo
553 2468 657 2521 cultore
667 2470 782 2522 deorum

146 2534 249 2587 Lustra
259 2550 326 2588 suas
336 2532 463 2590 Phoebes
473 2554 528 2589 non
537 2555 607 2591 unus
616 2540 723 2603 vixerat
732 2543 810 2608 Apis)

87 2604 139 2654 480
152 2605 263 2656 Consilii
272 2621 327 2660 vox
337 2608 426 2675 prima
434 2607 500 2670 fuit,
511 2611 704 2676 meritumque,
716 2610 865 2681 fidemque,

148 2671 288 2742 Sacraque
300 2677 422 2729 defuncti
434 2678 548 2728 iactavit
558 2679 673 2746 pignora
684 2682 778 2746 patris.
