1956 3106
159 122 211 172 2οἏ
338 119 375 168 Μ.
411 117 514 170 ANN.
551 116 735 171 LUCAb'l

161 226 280 279 Cervicis
288 225 379 292 precio
391 225 453 276 dene
463 241 490 276 te
502 240 560 274 anea
572 224 654 292 signa
665 233 794 275 secatam.

161 296 233 359 Quin
244 298 329 366 agite,
344 304 370 345 et
382 311 481 363 rrragna
492 293 618 344 rrreritum
627 310 685 344 cum
698 294 777 343 caede
790 304 901 361 parate.-

158 367 291 430 lanaeum
302 368 385 416 scelus
398 373 550 415 esttantum
557 363 643 433 fraga.
662 363 752 413 Dixit:
765 370 794 417 et
804 378 902 417 omnes

159 438 242 487 Haud
252 437 331 488 aliter
342 434 431 484 medio
448 435 588 483 revocavit
599 432 633 482 ab
649 447 769 500 aequore
784 448 900 501 puppes,

94 506 148 556 285
164 508 252 568 Quam
263 506 343 556 simul
350 503 447 553 effetas
457 504 581 569 linquunt
593 505 720 553 examina
732 516 821 565 ceras,

159 578 246 643 Atque
259 576 345 626 oblita
355 572 408 623 fari
421 588 473 622 non
484 574 600 623 miscent
612 572 725 622 nexibus
736 572 805 634 alas,

159 645 214 703 Sed
226 645 277 696 sibi
288 657 411 711 quaeque
424 642 507 703 volat,
519 658 568 693 nec
577 644 633 691 iam
641 642 900 709 degustatamarum

159 715 308 765 Desidiosa
316 711 452 777 thymum:
469 711 582 779 Phrygii
594 713 811 778 sonusincrepat
821 716 901 777 aeris,

158 785 299 834 Attonitae
310 797 428 849 posuere
439 781 540 848 fugam,
552 781 726 848 studiumque
738 782 841 834 laboris

95 852 148 904 290
159 852 286 906 Floriferi
298 857 433 917 repetunt,
447 858 475 901 et
485 852 572 918 sparsi
583 852 670 902 mellis
683 866 821 902 amorem:

159 922 269 974 Gaudet
279 923 307 972 in
319 920 446 987 Hyblaeo
459 937 571 972 securus
582 923 703 989 gramine
714 926 812 987 pastor

157 993 275 1044 Divitias
287 1007 410 1043 servasse
423 1006 517 1042 casae:
537 992 576 1040 sic
589 1007 657 1041 voce
669 991 782 1041 Catonis

157 1062 298 1113 Inculcata
308 1062 371 1112 viris
381 1061 445 1111 iusti
456 1061 591 1127 patientia
600 1061 706 1110 Martis.

208 1134 321 1199 lamque
332 1124 395 1181 a'ctu
405 1130 469 1180 belli
481 1145 535 1181 non
546 1131 644 1181 doctas
655 1129 728 1180 ferre
740 1130 862 1197 quietem

92 1198 147 1250 295
158 1203 306 1253 Constituit
317 1207 431 1263 mentes,
443 1201 566 1269 serieque
578 1201 682 1268 agitare
695 1199 830 1251 laborum.

157 1271 279 1322 Primum
290 1271 394 1323 litoreis
405 1269 482 1320 miles
493 1270 612 1320 lassatur
623 1271 726 1320 arenis:

155 1341 301 1392 Proximus
310 1342 338 1393 in
349 1355 450 1402 muros,
461 1345 490 1390 et
499 1340 609 1390 moenia
619 1340 789 1405 Cyrenarum

155 1411 206 1461 Est
215 1411 308 1461 labor:
329 1411 454 1461 exclusus
464 1410 539 1459 nulla
549 1424 578 1459 se
590 1409 712 1459 vindicat
722 1410 778 1459 ira:

155 1479 303 1548 Poenaque
315 1480 348 1529 de
360 1480 438 1529 vietis
450 1478 511 1529 sola
522 1485 572 1541 est,
583 1480 691 1541 vicisse,
704 1480 812 1530 Catoni.

96 1546 147 1596 3⁰0
158 1548 225 1598 Inde
236 1550 293 1614 peti
304 1549 407 1613 placuit
418 1547 518 1613 Libyci
529 1551 700 1599 contermina
708 1549 815 1599 Mauris

156 1616 251 1684 Regna
263 1615 355 1677 lubae,
371 1617 418 1666 sed
431 1618 484 1667 iter
493 1618 590 1668 mediis
600 1625 700 1669 natura
707 1618 822 1669 vetabat

158 1683 298 1751 Syrtibus:
317 1683 367 1735 has
379 1686 470 1737 audax
481 1694 575 1753 sperat
586 1688 637 1739 sibi
649 1687 747 1739 cedere
757 1688 855 1740 druis.

158 1752 263 1820 Syrtes,
275 1755 319 1805 vel
329 1757 444 1820 primam
455 1757 555 1807 mundo
568 1764 667 1808 natura
677 1758 792 1825 figuram

158 1826 224 1875 Cum
236 1825 324 1888 daret,
335 1826 455 1876 indubio
467 1828 557 1895 pelagi
569 1833 714 1896 terraeque
725 1828 850 1895 reliquit3

90 1894 146 1944 ..305
158 1898 168 1953 l
170 1893 240 1945 Nam
250 1910 337 1963 neque
344 1895 468 1946 subsedit
477 1898 593 1961 penitus,
601 1903 759 1965 quostagna
769 1896 898 1965 profundi

156 1965 309 2030 Acciperet,
321 1980 372 2015 nec
382 1981 411 2015 se
423 1965 547 2016 defendit
558 1967 590 2017 ab
602 1982 721 2035 aequore
732 1966 829 2031 tellus,.

156 2034 290 2102 Ambigua
300 2035 349 2085 sed
359 2034 420 2103 lege
432 2035 486 2085 loci
495 2037 568 2086 iacet
578 2039 652 2088 inuia
662 2036 755 2100 sedes3

156 2105 282 2170 Aequora
292 2103 383 2155 fracta
393 2105 479 2166 vadis,
488 2104 657 2174 abruptaque
665 2113 741 2157 terra
749 2105 897 2173 profundo,

156 2173 193 2222 Et
203 2179 267 2238 post
277 2174 363 2224 multa
373 2180 472 2224 sonant
482 2177 597 2240 proiecti
608 2176 691 2227 litora
701 2175 811 2230 fluctus.

95 2239 146 2288 310
158 2239 204 2291 Sic
215 2242 285 2292 male
298 2243 427 2305 deseruit,
439 2245 582 2312 nullosque
594 2247 686 2313 exegit
696 2246 723 2295 in
734 2262 801 2297 usus

156 2310 236 2360 Hane
248 2319 354 2377 partem
367 2319 467 2363 natura
477 2315 542 2378 sui.)
571 2315 615 2367 vel
626 2316 732 2381 plenior
743 2314 801 2367 alto

156 2381 228 2430 Olim
240 2379 330 2447 Syrtis
341 2387 409 2445 erat,
421 2383 519 2452 pelago
530 2386 692 2452 penitusque
702 2385 834 2439 natabat:

155 2447 210 2499 Sed
222 2452 332 2518 rapidus
344 2452 426 2502 Titan
438 2459 523 2520 ponto
535 2470 584 2505 sna
593 2454 696 2505 lumina
707 2470 837 2521 pascens,

155 2521 282 2585 Aequora
291 2522 421 2572 subduxit
430 2538 517 2574 zonae
526 2525 615 2574 vicina
626 2531 768 2593 perustae:

87 2584 144 2636 ³15
156 2588 193 2637 Et
204 2605 275 2639 nune
285 2597 385 2655 pontus
396 2590 485 2643 adbuc
495 2590 609 2646 Phoebo
620 2596 742 2647 siccante
752 2604 898 2669 repugnat,

154 2657 221 2708 Mox
232 2658 279 2708 ubi
292 2659 452 2711 damnosum
464 2662 555 2714 radios
567 2664 720 2717 admoverit
731 2682 840 2735 aevum,
