1956 3106
156 78 193 126 ts
324 77 362 126 Μ.
398 75 499 156 ΑΝΙΝ.
536 77 594 126 111]
609 77 717 127 ΒΑΜ

93 199 145 244 dib
159 197 285 247 Vindicat
296 194 408 246 alternis
418 195 529 256 vicibus,
542 211 622 262 quum
633 195 753 247 funditur
763 200 859 265 ingens

156 265 290 326 Oceanus,
302 263 345 313 vel
357 279 437 330 quum
449 266 591 330 refugisse
603 264 729 315 ductibus
741 266 837 317 aufert.

158 334 261 384 Ventus
272 333 305 383 ab
319 339 441 383 extremo
457 333 568 398 pelagus
581 335 620 383 sic.
633 349 683 383 axe
693 334 806 396 volutet,

157 403 348 468 Destituatque
361 401 467 464 ferens;
487 417 521 450 an
533 402 621 452 sidere
632 409 708 452 mota
718 405 838 454 secundo

156 469 282 536 Tethyos
293 471 365 520 unda
379 485 465 536 vagae
476 470 614 521 lunaribus
627 478 734 523 aestuet
744 472 831 536 boris3

94 541 146 588 sto
156 540 367 605 Flammiger-an
379 540 475 598 Titan,
487 545 517 586 ut
528 539 632 589 alentes
644 539 752 591 hauriat
762 542 857 603 undas,

156 609 253 674 Erigat
266 608 414 667 Oceanum,
427 606 577 672 fluctusque
590 608 623 656 ad
636 610 727 660 sidera
739 611 830 669 ducat,

157 679 294 738 Quaerite,
301 692 368 741 quos
381 679 467 741 agitat
473 676 563 724 mundi
577 676 667 726 labor:
680 678 778 728 etmihi
785 695 893 746 sempor

155 747 211 807 Tu,
230 758 415 810 quaecumque
428 759 520 792 risores
532 751 587 792 tam
601 745 712 796 crebros
724 762 807 797 causa
819 765 893 798 mra-

627 822 679 875 tus,

154 884 190 932 Ut
201 884 292 947 superi
303 881 421 943 voluero,
436 883 496 931 loto.
518 885 595 932 Tunc
608 899 671 934 rura
683 882 805 935 Nemetis

93 952 146 1000 420
158 952 210 1011 Qui
222 956 305 1012 tenet,
318 957 346 1000 et
357 953 430 1016 ripas
440 953 526 1012 nturi,
539 968 592 1018 qua
602 954 682 1004 litore
693 971 777 1005 curvo

160 1020 280 1071 Molliter
292 1019 437 1070 admissum
450 1021 551 1070 claudit
561 1022 714 1073 'farbellius
726 1038 837 1090 aequor,

155 1087 239 1156 Signa
248 1097 348 1147 moret,
359 1089 514 1155 gaudetque
526 1100 617 1141 amoto
630 1090 768 1142 Santonus
779 1091 872 1144 hoste:

154 1159 191 1207 m
201 1160 317 1220 Biturix,
330 1160 470 1226 longisque
483 1159 556 1209 leros
569 1158 720 1211 Suessones
730 1163 756 1210 in
768 1166 863 1211 aroris:

155 1228 279 1294 Optimus
291 1243 405 1279 excusso
418 1228 527 1279 Leucus
538 1226 710 1297 Rhemusque
722 1229 835 1285 lacerto,

91 1294 144 1343 425
155 1296 265 1362 Optima
275 1312 341 1363 gens
353 1297 429 1346 doxis
440 1300 466 1345 in
479 1314 576 1363 gyrum
591 1297 717 1365 Sequana
728 1298 824 1349 frenis}

152 1364 189 1413 Et
201 1364 297 1414 docibs
308 1372 400 1413 rector
412 1367 522 1413 rostrati
535 1367 622 1431 Belga
633 1369 734 1415 cosini:
763 1395 767 1405 ·

152 1433 317 1497 Arvernique
330 1432 490 1480 ansilratios
503 1447 532 1480 se
545 1433 647 1496 fingere
659 1433 767 1488 fratres,

153 1498 288 1565 Sanguine
301 1499 334 1548 ab
346 1500 429 1548 iliaco
441 1500 546 1563 populi;
566 1501 729 1563 nimiumque
741 1500 848 1546 rebellis

152 1567 280 1627 Nervius,
293 1574 320 1616 et
332 1568 403 1616 caesi
415 1566 533 1631 pollutas
545 1568 675 1632 sanguine
688 1567 797 1614 Cottae:

90 1636 142 1686 430
152 1637 189 1687 Et
199 1636 244 1702 qui
253 1643 280 1684 tc
291 1635 360 1684 laxis
369 1637 516 1694 innitantur,
530 1632 663 1695 saraiam,
675 1633 781 1683 braccis

152 1705 320 1771 Vangiones:
337 1705 487 1768 Batavique
500 1711 604 1764 truces,
617 1718 684 1770 quos
696 1718 759 1753 aere
771 1719 886 1754 recurro

152 1773 302 1824 Stridentes
315 1787 412 1822 acuere
423 1771 517 1821 tubae:
538 1787 591 1838 qua
602 1773 687 1838 Cinga
698 1780 822 1838 pererrat

153 1843 278 1908 Gurgite:
292 1857 345 1908 qua
355 1839 502 1891 Rhodanus
512 1847 620 1906 raptum
630 1841 770 1893 velocibus
780 1844 858 1894 undis

151 1913 181 1960 ln
192 1924 267 1959 mare
279 1909 455 1959 sertrlrarim:
467 1926 520 1975 qna
530 1911 666 1960 montibus
678 1911 764 1961 ardua
774 1915 888 1962 summis

88 1978 141 2029 43⁵
152 1979 227 2029 Gens
239 1975 344 2028 habitat
355 1994 424 2028 cana
433 1979 583 2045 pendentes
594 1994 661 2045 rupe
673 1980 832 2032 Gebennas:

150 2046 293 2115 [Pictones
304 2049 436 2098 immunes
447 2048 575 2114 subigunt
586 2064 636 2098 sua
646 2064 723 2112 rura3
742 2065 792 2099 nec
805 2051 875 2098 ultra

149 2116 291 2168 instabiles
303 2118 430 2167 Turonas
442 2119 599 2167 circumsita
610 2125 701 2168 castra
712 2122 847 2168 coercent.

149 2188 178 2237 ln
190 2186 294 2237 nebulis
304 2185 442 2236 Meduana
453 2188 507 2236 tuis
518 2202 641 2237 marcere
653 2201 766 2252 perosus
800 2198 805 2214 ·

147 2256 246 2317 Andos,
258 2256 313 2304 iam
325 2255 433 2322 placida
443 2255 551 2322 Ligeris
562 2261 702 2306 recreatur
712 2255 746 2304 ab
756 2255 837 2315 unda,

85 2326 138 2375 440
147 2325 254 2390 inclyta
264 2326 404 2375 Caesareis
417 2325 545 2376 Genabos
556 2325 711 2375 dissolvitur
721 2321 792 2390 alis]

149 2392 193 2444 Tu
204 2409 320 2460 quoque,
331 2394 450 2444 laetatus
461 2395 582 2444 converti
594 2393 705 2460 praelia,
712 2394 820 2442 Trevir:

146 2464 183 2513 m
194 2477 264 2511 nunc
277 2468 355 2512 tonse
368 2463 462 2530 Ligur,
476 2463 609 2528 quondam
622 2478 671 2529 per
683 2463 753 2512 eolla
764 2461 866 2512 decora

37 2528 41 2535 ’
86 2583 88 2599 ί
147 2531 270 2582 Crinibus
280 2527 373 2581 effusis
385 2536 436 2582 toti
449 2532 570 2597 praelate
583 2534 724 2582 Comatae:

84 2648 86 2651 .
145 2602 183 2650 Et
194 2601 289 2653 ouibus
302 2602 411 2650 immitis
425 2603 549 2667 placatis
558 2603 688 2667 sangnine
699 2601 757 2649 diro
