1950 3218
221 140 512 196 PHARSALIA.
549 143 631 194 LlB
669 144 723 196 lx.
784 144 838 196 2θῖ

94 262 226 325 Tollitur,
238 268 266 313 et
276 276 422 328 numquam
433 262 554 312 resoluto
568 264 671 312 vertice
681 261 790 329 pendet.

92 333 190 399 Regna
199 332 275 382 videt
286 346 390 398 pauper
400 329 540 381 Nasamon
553 332 673 381 errantia
682 331 774 393 vento,

92 400 410 468 Discussasquedomos:
420 399 588 467 volitantque
595 399 835 467 aculmineraptae

91 471 212 521 Detecto
225 470 392 521 Garamante
404 483 494 518 casae.
512 468 574 519 Non
586 468 666 518 altius
676 469 747 536 ignis
843 470 898 520 460

91 541 183 605 Rapta
191 537 278 589 vehit:
291 543 474 604 quantumque
484 537 550 588 licet
562 553 728 606 consurgere
738 537 823 601 Arme,

92 609 130 658 Et
140 609 243 658 violare
254 607 334 668 diem,
344 611 437 656 tantus
448 611 525 656 tenet
537 621 602 657 aera
613 606 709 673 pulm's.

93 679 164 727 'I'um
176 692 283 744 quoque
296 677 448 726 Romanum
462 676 544 725 solito
556 676 702 728 violentius
715 690 812 744 agmen

91 746 265 813 Adgreditur,
277 746 420 811 nullusque
432 749 526 811 potest
538 748 688 797 consistere
699 747 786 808 miles,
852 771 853 775 ¹

91 815 229 866 Instabilis
240 816 326 882 raptis
337 816 433 876 etiam,
446 829 513 880 quas
525 814 622 877 calcat,
636 817 735 868 arenis.
843 815 896 865 465

93 887 260 936 Concuteret
272 891 360 934 terras
374 883 523 950 orbemque
534 898 551 934 a
562 885 626 936 sede
638 891 770 948 moveret,

92 953 122 1005 Si
133 955 222 1005 solida
232 953 322 1020 Libye
334 967 467 1020 compage
478 959 506 1003 et
516 953 637 1018 pondere
650 954 718 1005 duro

93 1024 240 1074 Clauderet
252 1024 340 1074 exesis
351 1024 480 1072 Austrum
492 1022 639 1088 scopulosa
649 1024 787 1075 cavemls:

92 1092 147 1144 Sed
161 1095 224 1160 quia
235 1092 380 1143 mobilibus
389 1090 479 1141 facilis
493 1091 619 1142 turbatur
630 1093 728 1154 arenis,

91 1162 233 1228 Nusquam
240 1160 369 1210 luctando
377 1159 482 1210 stabilis
488 1165 594 1210 manet:
605 1161 713 1228 imaque
724 1160 804 1212 tellus
841 1162 894 1210 lto

92 1231 164 1290 Stat,
178 1228 436 1295 quiasummafugit.
458 1229 559 1279 Galeas
571 1236 599 1280 et
610 1231 816 1280 scutavirorum

90 1298 206 1363 Pilaque
220 1299 353 1347 contorsit
364 1298 484 1347 violento
496 1300 608 1364 spiritus
620 1306 693 1362 actu,

90 1369 270 1432 Intentusque
282 1366 344 1416 tulit
356 1368 447 1435 magni
459 1383 508 1433 per
517 1369 609 1418 inania
622 1369 700 1419 coeli.

90 1435 162 1486 illud
174 1438 200 1485 in
213 1443 326 1486 externa
337 1435 431 1487 forsan
442 1437 576 1505 longeque
588 1445 695 1489 remota

91 1507 251 1572 Prodigium
263 1506 359 1556 tellure
370 1505 435 1556 fuit:
456 1507 620 1575 delapsaque
634 1509 712 1559 coelo
840 1507 896 1557 475

88 1577 171 1626 Arma
181 1576 278 1626 timent
288 1582 392 1643 gentes,
404 1574 595 1644 bominumque
608 1585 704 1644 erepta
713 1578 825 1630 lacertis

89 1647 111 1696 A
123 1647 228 1710 superis
241 1646 359 1696 demissa
369 1652 475 1712 putant.
505 1644 550 1697 Sic
559 1647 605 1698 illa
616 1647 743 1714 profecto

92 1713 223 1764 Sacrifico
236 1716 360 1765 cecidere
372 1715 492 1778 Numae,
504 1733 573 1783 quae
584 1717 657 1767 lecta
667 1721 793 1769 iuventus

90 1784 212 1834 Patricia
223 1784 329 1833 cervice
341 1792 447 1834 moret:
460 1786 626 1849 spoliaverat
636 1788 735 1837 Auster

89 1855 143 1904 Aut
155 1855 260 1903 Boreas
271 1852 387 1918 populos
399 1852 497 1902 ancilia
508 1860 602 1903 nostra
612 1854 741 1904 ferentes.
840 1856 895 1908 480

91 1921 136 1973 Sic
147 1923 240 1972 orbem
254 1927 398 1987 torquente
410 1921 484 1972 Noto
496 1922 619 1972 Romana
628 1924 753 1973 iuventus

89 1992 250 2050 Procubuit,
261 1997 438 2056 metuensque
450 1992 518 2056 rapi,
531 1994 693 2042 constrinxit
705 1993 830 2057 amictus,

90 2061 263 2125 Inseruitque
275 2074 370 2108 manus
381 2065 485 2109 terrae:
504 2076 554 2110 nec
567 2061 687 2126 pondere
698 2063 767 2125 solo,

91 2129 146 2181 Sed
159 2130 217 2178 nisu
229 2129 323 2190 iacuit,
336 2129 381 2178 rix
393 2130 432 2178 sic
443 2129 589 2178 immobilis
600 2132 714 2180 Austro:

92 2201 144 2261 Qui
155 2214 237 2264 super
248 2199 372 2265 ingentes
386 2198 508 2248 cumulos
519 2199 632 2248 involvit
644 2215 753 2264 arenae,
840 2201 893 2253 485

90 2272 178 2335 Atque
190 2269 278 2335 operit
290 2267 386 2319 tellure
397 2269 478 2318 viros.
498 2267 551 2318 Vix
564 2269 660 2319 tollore
672 2271 748 2321 miles

91 2339 217 2389 Membra
227 2338 309 2399 valet,
321 2338 406 2387 multo
420 2344 552 2405 congestu
563 2339 680 2406 pulveris
691 2338 816 2392 haerens.

91 2409 200 2475 Adligat
211 2415 238 2457 et
250 2414 354 2458 stantes
367 2407 480 2458 adfusae
492 2424 605 2475 magnus
616 2424 716 2461 arenae

90 2478 190 2543 Agger,
203 2486 230 2526 et
239 2479 344 2527 immoti
357 2485 432 2528 terra
443 2493 572 2545 surgente
584 2490 720 2531 tenentur.

92 2546 166 2596 Sara
178 2546 239 2596 tulit
253 2548 359 2613 penitus
370 2548 499 2598 discussis
512 2559 624 2614 proruta
636 2551 728 2612 muris,
838 2542 893 2603 illd

90 2615 250 2682 Effuditque
261 2617 365 2682 procul,
376 2617 501 2666 mirande
512 2625 587 2668 sorte
599 2618 744 2671 malorum:

92 2686 144 2746 Qui
157 2685 245 2736 nullas
255 2685 348 2736 ridere
360 2685 467 2749 domos,
477 2686 571 2738 videre
577 2690 678 2738 ruinas.
