1956 3106
165 136 572 212 rrrrrssnurnsurrs.
601 162 688 214 vlu.
717 142 791 216 ‘aas

59 284 195 347 Coeperat
204 283 231 330 in
242 295 374 331 summum
386 284 516 343 revocato
527 280 657 345 sanguine
669 296 766 347 eorpus

58 352 182 415 Pompeii
193 352 295 400 sentire
306 364 411 409 manus,
421 353 607 414 moestamque
618 351 708 399 mariti

58 422 143 470 Posse
155 420 211 484 pati
222 418 333 468 facium:
353 414 479 482 prohibet
488 416 665 467 succumbere
676 417 740 469 fatis
818 420 853 468 70

59 491 183 555 Magnus,
197 493 224 536 et
234 486 395 536 immodicos
408 486 525 552 castigat
536 499 605 535 voce
617 485 740 538 dolores:

112 556 207 607 Nabide
219 572 267 605 cur
279 555 360 604 robur
372 554 511 606 Fortunae
522 556 631 605 uulnere
637 555 737 622 primo,

59 627 181 686 Femina,
193 633 333 676 tantorum
345 623 433 674 titulis
445 623 559 691 inriguis
570 639 689 685 avorum,

59 696 199 763 Frangit?
227 694 319 745 Habes
340 692 443 744 aditum
463 709 605 744 munsterus
625 693 654 745 in
675 695 783 746 saecuta

546 777 637 813 amae:

60 832 162 882 Laudis
173 831 201 883 in
213 832 260 883 bae
272 847 337 882 sexu
349 848 400 881 nan
411 832 499 897 legum
509 761 571 881 iiiia
581 848 629 882 nce
639 847 724 893 arasa,
819 830 856 880 75
929 831 931 834 ’

61 901 147 952 [nica
161 902 275 952 materia
289 910 328 952 est
339 900 437 950 coniux
448 897 535 948 miser.
564 898 651 968 Erige
660 910 781 961 mentem,

58 970 98 1021 Et
109 980 156 1020 tua
170 987 228 1020 cunr
234 969 309 1040 fatis
315 969 406 1036 pictas
419 968 544 1026 decertet,
556 978 581 1019 et
592 969 688 1034 ipsum,

63 1037 140 1100 Qrsad
149 1056 205 1090 sum
217 1040 312 1099 viceras,
324 1053 400 1088 ama:
411 1052 544 1087 rinocorure
556 1036 607 1086 tibi
615 1039 706 1104 gloria
718 1039 814 1099 rnaiar,

58 1107 82 1156 ,4
94 1124 134 1157 rne
145 1110 215 1174 prend
219 1108 313 1178 fasces
326 1115 352 1156 et
364 1106 435 1171 qrsod
443 1106 492 1171 pia
505 1105 585 1156 turba
595 1116 703 1156 senatus

62 1175 204 1244 Tantaque
212 1174 332 1227 discessit
341 1190 434 1242 regum
445 1189 555 1224 insanus:
566 1173 791 1243 incipeMagnuns
821 1177 857 1224 Str

59 1247 123 1297 Sola
138 1245 219 1311 sequi.
247 1243 398 1314 Deformis,
408 1241 496 1293 adbuc
507 1242 611 1294 uidente
622 1243 729 1305 marito,
827 1302 829 1304 ¹

59 1318 193 1371 Seremus,
206 1321 232 1362 et
244 1312 340 1379 augeri
350 1311 449 1362 vetitus
461 1313 550 1362 dolor:
569 1312 666 1364 altisna
678 1313 752 1364 debet

57 1383 125 1433 Esse
128 1380 210 1448 fides,
222 1383 313 1449 lugere
323 1380 419 1431 airum.
452 1378 495 1432 Tu
505 1383 579 1433 nulla
590 1381 680 1433 tulisti

57 1449 135 1502 Bello
148 1451 244 1501 darrsna
256 1467 321 1501 rnen.
358 1448 431 1501 Furit
439 1459 501 1517 post
512 1451 617 1517 praetia
630 1449 758 1520 Magnus,

58 1520 113 1570 Sed
121 1518 246 1570 Fortuna
256 1519 344 1586 perit:
363 1520 433 1584 quod
442 1517 531 1587 defles,
544 1520 613 1571 illud
622 1521 730 1572 amasti.
819 1520 854 1569 85

110 1588 231 1640 Vocibus
242 1587 282 1639 bis
294 1594 421 1656 correpte
432 1590 490 1652 viri,
501 1591 547 1640 vix
559 1605 641 1658 aegra
652 1589 751 1641 levarit

58 1658 183 1708 Membra
194 1659 262 1720 solo,
274 1660 342 1709 tales
355 1660 457 1726 gemitu
468 1665 611 1726 rumpente
623 1660 761 1741 querelas:
802 1660 806 1671 '

62 1725 86 1777 O
98 1726 201 1777 utinum
212 1727 241 1777 in
253 1727 383 1779 thalamos
393 1726 475 1778 inuisi
488 1726 702 1780 Caesariensem

59 1794 165 1874 Infelix
177 1795 282 1855 coniux,
294 1804 320 1846 et
330 1796 398 1847 nulli
409 1798 483 1846 taeta
494 1797 610 1848 marito!

59 1861 109 1913 Bes
120 1863 199 1913 naceei
211 1864 321 1914 meando:
339 1881 379 1914 sne
385 1866 510 1930 pronuba
521 1866 594 1916 dread
606 1864 736 1932 Erinnys,
825 1864 860 1912 sa

62 1930 273 1996 Crassorumque
280 1933 397 1993 umbrae,
408 1934 554 1999 devotaque
565 1933 687 1985 manibus
696 1933 751 1985 iltis

63 1999 186 2068 Assyrios
196 1999 225 2051 in
238 2008 330 2050 castra
341 1999 393 2051 tuli
404 2001 496 2053 ciuilia
507 2018 601 2053 casuss

61 2068 285 2135 Praecipitesque
300 2069 358 2118 dedi
365 2072 488 2134 papulas,
501 2080 658 2136 astrictasque
663 2069 766 2140 fingani

60 2140 85 2189 ,d
98 2155 192 2190 caussa
205 2139 313 2190 meliore
324 2140 394 2188 deos.
426 2136 577 2190 Omaxime
588 2136 714 2200 coniunx,

63 2208 87 2260 0
100 2207 229 2260 taalenu
241 2205 350 2275 indigne
359 2206 431 2268 meis,
442 2205 490 2259 bac
500 2205 570 2258 iuris
580 2205 694 2258 babebat
825 2206 862 2257 95

63 2277 94 2329 In
105 2288 210 2330 tantum
220 2275 342 2327 Fortuna
354 2276 450 2342 caput!
480 2273 535 2325 Cur
546 2274 630 2342 impia
641 2275 728 2340 nupsi,

61 2347 93 2397 Si
103 2347 227 2398 miserum
233 2345 426 2416 factarafisi?
456 2344 533 2397 Nunc
544 2344 637 2410 accipe
644 2360 755 2411 poenas,

63 2416 117 2465 Sed
126 2431 191 2479 quas
202 2423 295 2481 sponte
306 2416 387 2465 luam.
409 2413 467 2477 Quo
473 2413 508 2466 sit
515 2414 566 2466 tibi
577 2415 681 2465 mallius
692 2428 800 2479 aequor,

65 2482 148 2535 Certa
154 2484 226 2552 sides
237 2500 339 2552 regum,
350 2493 474 2547 totusque
485 2483 612 2550 paratior
624 2482 703 2543 orbis,

64 2553 170 2620 Sparge
182 2550 252 2602 mari
263 2553 391 2604 camitem.
421 2550 666 2623 Mattemfeb'cibus
679 2550 762 2602 armis
808 2552 871 2602 1οθἰ

63 2621 228 2690 Dependisse
239 2630 337 2687 caput.-
356 2638 426 2674 nune
437 2621 524 2672 clades
536 2620 646 2686 denique
658 2623 755 2681 lustra,

62 2689 173 2761 Magne,
185 2698 254 2742 tuas.
286 2687 448 2756 Ubicumque
459 2690 540 2754 iaces,
552 2689 673 2742 civilibus
684 2689 767 2742 armis
