1950 3218
179 355 461 428 lNcuoTI'
492 363 802 432 noerollis

461 483 515 534 AD
893 483 895 485 ’

94 584 537 668 CALPURNIUM
581 585 886 672 PISONEM

287 724 672 792 ‘eocmnrron

216 860 354 895 LUCANO
386 858 499 895 VULGO
527 860 763 901 nnsoltrra'urc

94 1075 180 1158 Unde
193 1103 265 1168 prius
277 1099 367 1165 coepti
378 1104 472 1167 surgat
482 1097 548 1149 mihi
558 1099 683 1150 carminis
694 1101 771 1164 ordo,

94 1174 202 1232 Quosve
219 1184 314 1220 canam
330 1168 432 1230 titulos,
450 1168 546 1218 dubius
561 1167 644 1218 teror.
677 1168 749 1220 Hinc
768 1176 823 1232 tua,

563 1237 637 1299 Piso,

93 1307 236 1368 Nobilitas,
247 1307 401 1372 veterisque
413 1306 498 1355 citant
508 1304 632 1355 sublimia
645 1305 721 1372 Calpi

92 1377 216 1436 Nomina,
228 1375 362 1425 Romanas
372 1376 443 1425 iuter
453 1373 585 1442 fulgentia
595 1381 704 1442 gentes:

93 1448 163 1496 Hinc
175 1452 223 1496 tua
234 1460 275 1495 me
287 1447 371 1495 virtus
383 1445 462 1510 rapit,
473 1450 501 1494 et
511 1445 634 1494 miranda
645 1460 693 1510 per
704 1460 796 1496 omnes
868 1447 884 1495 5

94 1519 156 1568 Vita
167 1515 276 1566 modos:
297 1530 375 1582 quae,
385 1515 407 1563 si
421 1514 529 1564 deesset
539 1514 587 1564 tibi
598 1513 670 1564 forte
682 1521 775 1565 creato

90 1586 222 1636 Nobilitas
234 1585 327 1650 eadem
341 1599 389 1650 pro
403 1584 543 1634 nobilitate
554 1583 658 1634 fuisset.

90 1655 157 1704 Nam
172 1655 234 1720 quid
244 1654 413 1719 imaginibus,
426 1653 487 1718 quid
499 1654 577 1702 avitis
589 1652 656 1703 fulta
666 1652 808 1720 triumphis

90 1725 172 1781 Atria,
184 1723 245 1787 quid
258 1723 326 1786 pleni
339 1736 481 1770 numeroso
493 1721 602 1771 consule
613 1721 678 1771 fasti

89 1791 253 1850 Profuerint,
265 1791 286 1838 si
298 1791 354 1838 vita
363 1787 454 1838 laboti
473 1791 549 1838 Perit
560 1791 646 1838 omnis
656 1792 683 1838 in
692 1789 739 1839 illo
851 1793 885 1840 lo

89 1860 237 1918 Nobilitas,
251 1858 326 1907 cuius
337 1857 396 1906 laus
408 1858 486 1905 estin
498 1859 601 1923 origine
613 1857 680 1907 sola.

91 1929 180 1986 Felix,
194 1929 236 1993 qui
250 1928 332 1976 tantis
344 1926 461 1974 animum
473 1925 607 1974 natalibus
620 1940 728 1991 aequas,

90 1999 126 2046 Et
136 2005 241 2062 portem
253 1995 333 2055 tituli,
345 2010 396 2043 non
409 2009 538 2043 summam
550 1994 629 2059 ponis
638 1996 664 2043 in
676 1994 739 2044 illis:

93 2069 154 2131 lpse
166 2064 302 2115 canendus
313 2064 373 2113 eris.
390 2061 459 2112 Nam
476 2063 537 2130 quid
550 2078 701 2113 memorare
712 2078 824 2115 necesse

558 2137 609 2191 est,
775 2184 781 2192 ,

91 2206 125 2255 Ut
135 2203 231 2251 domus
243 2218 259 2251 a
271 2200 354 2266 Calpo
367 2215 463 2250 nomen
474 2200 619 2266 Calpurnia
629 2200 724 2264 ducat;
850 2201 884 2250 15

90 2273 223 2338 claraque
235 2271 341 2321 Pisonis
352 2270 446 2320 tulerit
456 2271 618 2336 cognomina
629 2270 724 2334 prima,

89 2341 210 2390 Humida
220 2341 322 2390 callosa
335 2355 394 2389 curn
406 2340 525 2404 pinseret
535 2336 762 2389 hordea'dextral

90 2410 147 2459 Nec
159 2411 180 2458 si
193 2416 289 2459 cuncta
299 2409 386 2470 velim,
400 2409 517 2459 breviter
528 2408 673 2459 decurrere
683 2409 797 2473 possim.

90 2480 127 2527 Et
140 2480 213 2542 prius
226 2477 363 2528 aetheriae
375 2479 460 2528 nroles
471 2479 643 2546 circumvaga
655 2476 779 2528 ilammae

91 2549 184 2595 Annua
194 2546 235 2596 bis
247 2549 317 2598 senis
330 2547 470 2598 revocabit
479 2546 615 2597 mensibus
627 2553 710 2608 astra,
850 2547 884 2595 20

92 2616 178 2675 Quam
189 2614 253 2666 mibi
266 2620 416 2683 priscorum
427 2617 520 2667 titulos
532 2631 700 2684 operosaque
709 2614 782 2667 bella
