1956 3106
88 140 200 191 -sso
325 141 363 190 Μ.
397 137 498 190 suu.
534 136 715 189 nucius
787 108 791 113 ’
877 142 899 169 ¹·

150 259 211 311 Hoc
221 257 308 310 merui
320 257 444 318 coniunx,
454 256 483 308 in
496 266 558 307 tuto
567 273 657 323 puppe
667 255 803 320 relinqui?

150 326 266 396 Perside,
276 327 426 406 parocias?
444 335 471 376 te
477 326 545 405 fata
557 335 678 377 extremo
685 334 806 404 petente,
831 361 836 369 -

156 395 220 448 Vita
232 396 388 466 dignusne?
409 393 525 455 Moriar,
537 410 585 445 nec
595 409 703 444 rennuere
714 410 798 461 regie.

151 465 208 515 Ant
218 465 284 516 milei
290 462 479 531 praecipitem,
489 472 597 522 nautae,
605 462 758 527 permittite
768 465 877 525 toltum,

87 531 205 585 estsine
216 537 338 601 laqueum
350 534 415 582 eollo
427 541 564 596 tortosque
576 530 674 597 aptare
682 531 826 581 rudentes.-

151 601 207 656 nne
217 602 325 669 aliquis,
338 600 441 668 Magno
454 601 553 668 dignes
561 616 654 660 eomes,
666 599 760 667 exiget
773 616 868 651 ensem.

150 669 276 738 Pompeio
286 679 425 736 praestare
431 678 531 735 potest,
542 669 612 733 qood
622 666 746 720 Caesaris
757 669 843 720 erneis

150 741 277 807 imputet.
299 737 324 790 0
335 736 415 798 saevi,
422 746 615 804 properantem
625 738 727 808 infesta
738 736 853 789 tenetis!

156 806 229 858 Vivis
241 808 337 868 odiens,
347 807 472 868 coniunx,
484 816 510 856 et
517 806 572 857 iam
585 803 711 857 Cornelia
721 815 828 858 nonest

91 875 142 926 666
154 877 237 937 luris,
249 875 360 943 Magne,
373 875 422 926 sui.
441 874 593 926 Prohibent
601 890 737 926 accersere
748 884 875 927 mortem.-

154 944 251 995 Sernor
261 945 366 996 victori.
385 942 430 994 Sic
442 942 509 1005 fata,
520 945 643 1009 interque
655 958 768 993 suorum

152 1014 245 1080 Lapsa
258 1029 361 1074 monus,
373 1014 487 1078 rapitur,
498 1011 606 1078 trepida
616 1010 737 1078 fugiente
749 1013 851 1063 casina.

202 1085 238 1133 At
246 1084 339 1150 Magni
349 1097 410 1131 cum
421 1086 499 1148 terga
508 1086 614 1142 sonent,
624 1085 653 1130 et
662 1086 777 1145 pectore
786 1079 871 1144 ferro,

152 1152 337 1202 Permansisse
348 1151 431 1200 decus
443 1164 537 1200 sacrae
548 1148 701 1199 venerabile
713 1147 830 1211 formae,

87 1218 142 1268 ott
153 1222 309 1286 Iratamque
320 1220 377 1269 deis
388 1218 495 1279 inciens,
506 1218 543 1267 nil
554 1217 649 1285 ultimo
658 1219 756 1268 mortis

151 1290 195 1340 Ex
204 1287 298 1339 habitu
309 1287 437 1353 vultuque
448 1287 498 1336 viri
505 1293 634 1348 mutasse,
645 1285 767 1337 fatentur

153 1359 206 1418 Qui
215 1358 335 1407 lacerum
348 1357 440 1406 videre
450 1361 540 1421 caput.
559 1354 629 1406 Nam
640 1370 738 1405 saevus
747 1356 775 1405 in
784 1356 848 1423 ipso

152 1425 298 1493 Septimius
310 1425 420 1475 scelen‘s
431 1426 517 1474 maius
529 1424 617 1474 scelus
626 1424 729 1474 invenit
741 1430 820 1475 netu:

150 1497 189 1544 Ao
199 1496 300 1560 retegit
310 1508 413 1554 sacros,
423 1494 508 1542 scisso
520 1494 662 1554 volamine,
673 1492 763 1543 vultus

90 1562 142 1613 oto
150 1561 319 1613 Semianimis
330 1562 432 1627 Magni,
444 1562 628 1627 spirantiaque
639 1568 758 1628 occupat
766 1576 826 1623 orn,

152 1631 281 1695 Collaque
291 1631 319 1678 in
330 1629 439 1694 obliquo
452 1630 530 1694 ponit
538 1629 695 1696 languentia
704 1636 834 1683 mansue.

153 1701 231 1748 'l‘unc
242 1712 341 1749 nervos
350 1712 487 1764 venasque
497 1703 582 1758 secat,
595 1698 752 1766 nodosaque
763 1698 869 1767 frangit

152 1769 224 1819 Ossa
235 1767 293 1817 diu:
313 1766 432 1817 noudum
445 1767 511 1817 artis
523 1774 592 1828 erat,
604 1773 688 1833 ceput
698 1782 763 1819 ense
774 1776 878 1821 rotare.

151 1839 185 1887 At
195 1842 340 1904 postquam
349 1841 446 1887 trunto
460 1836 552 1886 cervix
563 1836 673 1887 abscisa
681 1838 805 1899 recessit,

89 1904 141 1955 615
153 1906 290 1958 vendicat
300 1903 353 1955 hoo
363 1902 479 1956 Pharius
492 1905 589 1956 dextro
599 1912 707 1973 gesture
718 1906 838 1958 satelles.

152 1975 288 2041 Degener,
299 1980 382 2041 etque
393 1975 586 2040 operae‚miles
596 1975 729 2036 Bouiano,
740 1974 888 2038 secundae,

151 2043 275 2109 Pompeii
287 2043 346 2093 diro
358 2059 466 2094 snorum
477 2049 560 2109 caput
570 2059 635 2094 ense
644 2044 753 2106 recidis,

151 2112 188 2162 Ut
197 2126 252 2161 non
261 2113 320 2178 ipse
330 2110 419 2163 ierasl
439 2112 493 2162 Pro
504 2114 601 2162 summi
610 2111 668 2162 fatu
678 2111 804 2178 pudone!

151 2181 252 2245 hnpius
263 2187 294 2230 ut
302 2181 433 2247 Magnum
442 2187 536 2231 nosset
547 2196 623 2245 puer,
633 2180 810 2233 inoverenon

91 2247 141 2298 686
152 2248 271 2314 Regibus
281 2247 354 2298 hirto
364 2264 452 2311 coma,
464 2254 493 2299 et
502 2264 636 2316 generosa
646 2249 737 2300 fronte
748 2249 853 2301 decora

152 2317 549 2382 Caesariescomprensumanu
557 2325 607 2379 est,
619 2316 775 2384 Phasinque
781 2326 888 2383 veruto,

149 2385 222 2435 Dum
232 2386 325 2436 vivunt
333 2386 431 2446 vultus,
447 2391 528 2452 atque
541 2403 572 2437 os
582 2387 610 2436 in
620 2402 759 2437 murmuro
769 2387 880 2453 pulsent

151 2452 290 2520 Singultus
302 2455 416 2516 animae,
429 2455 491 2504 dum
502 2454 603 2504 lumino
614 2456 687 2505 nudo
698 2456 848 2522 rigescunt,

152 2521 284 2572 Suffixum
296 2528 379 2589 eaput
390 2530 440 2585 est,
452 2538 505 2589 quo
516 2539 661 2590 niunquam
671 2524 745 2575 bello
752 2524 867 2579 iubente

89 2588 141 2640 685
152 2591 212 2641 Pax
233 2591 299 2642 fuit:
322 2590 375 2641 hoo
391 2592 466 2658 leges
483 2608 661 2659 ensupumque
680 2600 709 2644 et
724 2599 816 2645 rostro
829 2608 888 2647 mo·

619 2662 713 2715 vebat:
