1956 3106
211 149 498 202 eureus-nuru.
534 126 630 213 uua
655 157 706 208 ιν.
755 130 821 209 'ss

86 269 256 337 Spectabunt
264 269 390 337 genuinae
401 268 502 319 diverso
514 288 527 320 e
537 271 616 321 litore
624 264 732 338 partes.¹
829 275 880 328 495

90 339 184 391 Nescio
197 340 267 406 qnod
276 339 375 389 nostris
387 354 511 405 magnum
524 348 550 389 et
562 343 729 392 memorabile
735 343 809 412 fatis

88 409 262 476 Exemplum,
283 407 423 467 Fortuna,
440 422 534 472 paras.
560 407 746 474 Quaecumque
772 429 820 478 per

560 493 652 527 aeuum

92 546 226 598 Exhibuit
237 545 488 614 monumentafirles,
500 557 657 612 seruataque
663 547 743 615 ferro

89 616 205 666 Militiae
216 615 312 682 pietas,
325 616 453 665 transibit
464 625 555 666 nostra
568 617 702 676 iterentur,

89 686 209 751 Namque
220 684 274 734 suis
283 701 334 749 pro
343 693 369 734 te
379 684 479 752 gladiis
490 684 647 746 incurrsbere,
662 683 772 746 Caesar,
831 687 882 735 500

87 754 156 806 Esse
164 769 263 820 parum
272 754 384 804 scimus:
400 755 446 803 sed
456 771 508 804 non
519 755 621 805 maiora
633 764 777 821 cooperiunt

89 821 218 884 Obsessis,
230 824 304 873 tanti
314 839 381 887 quae
391 823 507 890 pignora
519 825 606 874 densus
619 824 725 875 arnonis.

89 893 209 944 abscidit
220 902 327 943 nostrae
338 895 450 941 rrrreltum
462 908 518 942 sors
528 893 619 943 invida
631 894 716 955 laudi,

91 962 168 1026 Quod
177 979 227 1013 non
237 978 296 1012 cum
309 960 411 1010 senibus
424 960 499 1027 capti
508 961 631 1026 natisque
643 973 770 1018 teneamur.

89 1032 234 1083 Indomitos
245 1031 314 1080 sciat
325 1045 377 1079 esse
389 1029 468 1092 viros,
479 1029 625 1096 timeatque
623 1032 765 1147 Afurentes,
820 1030 882 1083 ,505

88 1102 129 1152 Et
138 1100 218 1150 morti
223 1099 323 1170 faciles
335 1097 445 1156 animos,
457 1107 483 1148 et
490 1100 612 1165 gaudeat
642 1099 706 1150 ostis

89 1172 147 1222 Non
155 1172 247 1234 piaret
259 1167 373 1217 haesisse
384 1177 466 1216 rates.
499 1165 616 1219 Tentare
625 1167 765 1233 parabunt

89 1237 259 1296 Foederibus‚
272 1236 397 1301 turpique
408 1238 496 1287 volent
506 1251 675 1302 corrumpere
686 1236 751 1286 vita.

92 1305 116 1357 O
130 1303 242 1363 utinam,
253 1321 302 1367 quo
312 1306 371 1369 plus
383 1303 478 1355 babeat
491 1320 561 1355 mors
571 1307 649 1356 ionica
656 1305 762 1374 farriae,
803 1343 805 1346 ψ

90 1373 261 1425 Promittant
269 1373 380 1433 veniam,
392 1373 501 1424 irrbeant
510 1390 619 1440 sperare
630 1378 760 1425 salntem:
832 1374 881 1424 510

93 1443 127 1495 Ne
139 1457 194 1503 nos,
206 1459 264 1492 cum
276 1442 364 1492 calido
369 1442 507 1513 fodiemus
517 1443 619 1495 viscera
624 1445 713 1514 ferro,

87 1512 251 1578 Desperasse
257 1521 362 1578 putent.
383 1511 488 1579 Magna
497 1513 599 1565 virtute
610 1515 760 1565 merendum
772 1523 820 1574 est,

87 1581 188 1632 Caesar
199 1591 236 1641 ut,
249 1581 353 1631 urreissis
363 1581 485 1647 inter-tot
496 1583 581 1634 millia
587 1583 693 1650 paucis,

86 1650 146 1701 Hoc
167 1652 290 1702 damnum
312 1652 465 1718 clademque
486 1662 569 1704 aocet.
601 1652 674 1705 Dent
689 1655 758 1725 fala
780 1669 810 1702 re

557 1739 664 1783 cessum,

87 1788 276 1854 Emittantque
287 1789 364 1838 licet.-
375 1789 463 1840 oitare
473 1789 606 1841 instantia
618 1791 708 1843 nolim.
831 1788 881 1839 515

86 1857 196 1909 Proieci
207 1859 298 1917 uitam,
311 1856 428 1918 comites,
441 1867 564 1925 totusque
570 1862 689 1932 futurae

87 1926 188 1976 Martie
199 1942 265 1992 agor
276 1925 406 1976 stimulis:
417 1927 501 1996 furor
512 1939 559 1978 est.
581 1931 731 1997 Agnoscere
742 1927 803 1980 solit

89 1995 250 2047 Permissum
262 2003 308 2054 est,
321 2010 384 2059 quos
394 1995 448 2045 iam
460 1998 550 2064 tangit
561 1999 661 2050 vicinia
667 1997 738 2068 fati,

91 2062 266 2129 Victurosque
278 2062 318 2112 dei
330 2064 426 2123 celant,
439 2074 468 2114 nt
479 2066 565 2117 virere
575 2068 680 2128 durent,

86 2134 165 2185 Felix
176 2150 231 2184 esse
242 2132 317 2183 mori.
346 2130 391 2182 Sic
403 2140 514 2185 cunctas
526 2137 633 2185 sustulit
644 2135 726 2184 ardor
830 2135 881 2184 52⁰

86 2202 221 2255 Nobilium
232 2207 336 2252 mentes
346 2202 484 2251 iuvenum:
498 2220 558 2253 curn
570 2205 659 2253 sidera
670 2204 739 2254 coeli

85 2274 153 2325 Ante
165 2273 241 2323 ducis
251 2286 334 2322 voces
346 2271 430 2323 oculis
441 2269 611 2323 humentibus
624 2287 729 2322 omues·

85 2343 271 2409 adspicerent,
283 2339 408 2408 flexoque
420 2341 505 2391 Ursae
515 2347 625 2392 temone
636 2347 780 2406 paverent:

85 2411 170 2473 Idem,
183 2427 242 2461 cum
253 2409 340 2461 fortes
352 2411 455 2461 animos
465 2417 615 2478 praecepta
624 2409 767 2472 subissent,

87 2478 222 2545 Optavere
234 2480 312 2530 diem.
330 2478 389 2531 Nec
401 2481 490 2547 segnis
502 2495 626 2532 mererere
637 2485 722 2546 ponto
828 2479 880 2529 525

86 2549 164 2597 'suine
175 2553 235 2598 erat
246 2554 320 2599 astra
329 2549 420 2615 polus:
432 2565 493 2599 nam
505 2550 545 2600 sol
558 2519 670 2600 Eedaea
680 2549 792 2600 tenebat

84 2614 191 2678 Sidera,
202 2616 289 2668 vicino
300 2634 361 2670 curn
372 2618 419 2668 lux
430 2617 561 2669 altissima
573 2621 676 2670 Cancro
689 2625 741 2669 est:
820 2621 822 2625 ’

83 2685 145 2806 Nol}
155 2692 212 2736 tum
223 2683 393 2739 Thessalicas
403 2688 518 2755 urgebat
528 2703 612 2754 parva
622 2689 756 2754 sagittas„
789 2720 791 2723 v

149 2768 293 2807 ucnuua
649 2757 671 2806 F
