1956 3106
154 133 205 185 tto
328 132 365 183 Μ.
401 128 501 181 ΑΝΝ.
538 128 718 180 LUCANI

95 254 146 306 tto
157 251 284 303 Auferret
294 251 408 311 cineres,
420 264 488 299 saxo
500 251 663 314 compressit
673 260 798 298 arenam:

156 321 300 387 Nautaque
311 334 345 369 ne
353 318 462 368 bustum
474 318 588 384 religato
600 318 806 379 summoveret,

157 389 298 454 Inscripsit
310 403 416 439 sacrum
428 388 557 436 semiusto
570 388 661 451 stipite
672 400 788 436 nomeu:

157 461 432 509 H1cs1rususr
451 468 599 505 neonus.
628 452 879 517 Placethoe‚For·

586 532 662 586 tuna,
674 522 849 590 sepulchrum

156 597 255 648 Dicere
266 595 399 660 Pompeii,
411 608 464 660 quo
475 592 555 644 condi
567 594 662 643 maluit
672 593 755 654 iilum,

95 667 145 716 795
160 668 247 727 Quam
258 672 332 715 terra
344 664 463 713 caruisse
474 660 570 714 soceri
586 662 746 713 Temeraria
758 662 867 727 dextra,

157 738 209 785 Cur
220 734 305 785 obicis
317 734 419 799 Magno
431 731 572 793 tumulum,
583 746 731 798 manesque
741 740 880 799 vagantes

156 796 289 853 includis?
308 800 382 851 Situs
396 808 446 863 est,
458 817 511 867 qua
521 806 595 851 terra
605 807 729 851 extrema
737 801 833 853 refuso

155 872 261 922 Pendet
269 873 297 920 in
308 872 427 921 Oceano.
455 871 606 920 Romanum
617 884 714 920 nomen
728 876 757 920 et
767 885 849 922 omne

155 942 300 1006 Imperium
309 941 410 1006 Magno
422 947 464 989 est
474 939 569 989 tumuli
580 939 685 989 modus.
705 939 799 990 Obrue
808 954 880 992 saxa

95 1012 145 1059 80⁰
157 1012 273 1061 Crimine
285 1010 365 1075 piena
376 1009 464 1059 deum.
484 1007 512 1058 Si
523 1014 584 1058 tota
594 1015 636 1059 est
647 1008 775 1060 Herculis
787 1010 868 1073 Oete,

157 1082 192 1129 Et
204 1082 267 1146 iuga
277 1086 336 1128 tota
347 1085 446 1127 vacant
456 1079 567 1128 Bromio
578 1077 693 1143 Nyscia3
715 1093 800 1144 quare

155 1151 229 1199 Unus
240 1150 267 1198 in
278 1149 403 1214 Aegypto
415 1148 517 1213 Magno
528 1147 613 1212 lapis'i
633 1148 731 1198 Omnia
741 1146 813 1214 Lagi

155 1220 226 1267 Arra
235 1224 328 1267 tenere
342 1222 439 1281 potest.
459 1216 486 1265 Si
499 1216 572 1265 nullo
584 1218 686 1281 cespite
697 1231 796 1267 nomen

157 1288 292 1347 Haeserit,
305 1300 425 1335 erremus
436 1285 538 1350 popuii,
550 1286 724 1352 cinerumque
734 1293 858 1347 tuorum,

94 1355 144 1402 sot
157 1357 265 1422 Magne,
279 1362 351 1403 metu
364 1354 450 1403 nullas
462 1353 515 1403 Nili
526 1353 661 1404 calcemus
673 1369 779 1404 arenas.

157 1425 234 1484 tinini
247 1425 268 1473 si
280 1429 336 1473 tam
349 1438 427 1473 sacro
440 1423 559 1489 dignaris
570 1425 677 1473 nomine
689 1437 798 1473 saxum:

155 1492 885 1558 Addeuctustantos,monimentaquemaximarerumz

154 1561 229 1609 Adde
240 1568 331 1610 truces
342 1559 439 1624 Lepidi
451 1566 550 1621 motus,
563 1561 711 1627 Alpinaque
722 1561 803 1623 bella,

155 1631 288 1693 Arrnaqne
301 1628 415 1689 Sertori,
427 1634 557 1678 revocato
570 1631 689 1691 consule,
702 1631 784 1691 ricta,

94 1697 145 1745 81⁰
155 1698 192 1746 Et
204 1712 306 1757 currus,
319 1712 386 1762 quos
395 1700 450 1763 egit
462 1712 556 1762 eques:
578 1701 741 1748 commercio
750 1705 812 1750 tuta

157 1765 297 1827 Gentibus,
310 1773 338 1814 et
349 1766 461 1831 pavidos
470 1767 567 1817 Cilicas
582 1770 680 1817 narnis„
705 1768 778 1818 ,tude
794 1770 878 1821 suba-

627 1844 697 1886 ctam

154 1904 322 1965 Barbationi,
334 1910 482 1970 gentesque
493 1911 626 1971 ragas,et
638 1906 765 1974 quidquid
776 1908 805 1957 in
815 1908 893 1961 Euro

153 1974 316 2039 Regnorum,
329 1973 559 2039 Boreaqueiaeet.
578 1975 754 2041 Die,semper
761 1976 797 2027 ab
808 1980 894 2029 aruris

155 2042 264 2092 Civilem
274 2043 406 2108 repetisse
419 2049 525 2110 togam:
545 2048 589 2093 ter
600 2046 722 2095 curribus
734 2047 805 2097 actis

92 2111 143 2161 815
155 2112 316 2161 Contentum
328 2114 433 2176 patriae
446 2112 545 2162 multos
556 2112 672 2164 donasse
683 2113 845 2180 triumphos.

155 2181 220 2242 Quis
238 2182 312 2246 capit
329 2179 398 2230 haec
414 2180 549 2231 tumulus?
582 2181 675 2250 Surgit
690 2185 863 2236 miserabile·

623 2252 732 2303 bustum

151 2317 213 2368 Non
225 2317 285 2369 uilis
296 2318 405 2385 plenum
415 2319 510 2380 titulis,
519 2335 573 2369 non
584 2321 677 2372 ordine
689 2328 767 2373 tanto

150 2388 311 2446 Fastorum:
330 2389 492 2454 solitumque
504 2389 556 2455 legi
567 2405 648 2456 super
659 2391 715 2441 alta
726 2391 842 2444 deorum

152 2456 283 2519 Cuiminu,
303 2464 331 2507 et
342 2464 483 2508 extructos
494 2459 586 2523 spoliis
598 2458 742 2511 hostilibus
755 2476 847 2527 arcus,

90 2522 141 2575 82⁰
153 2525 234 2575 Haud
244 2526 340 2593 procui
353 2533 395 2577 est
406 2527 461 2576 ima
473 2527 596 2593 Pompeii
606 2543 705 2580 nomen
716 2545 810 2595 arena,

149 2593 316 2659 Depressum
322 2596 436 2657 tumulo,
449 2597 520 2662 quod
527 2613 580 2647 non
586 2597 661 2666 legat
671 2598 777 2650 advena
787 2610 893 2663 rectus,

152 2663 230 2725 Quod
242 2665 292 2715 nisi
303 2671 483 2717 monstratum
494 2666 633 2718 Romanus
644 2674 767 2719 transeat
779 2668 893 2738 hospes.
