<?xml version="1.0" encoding="UTF-8"?>
<!DOCTYPE html PUBLIC "-//W3C//DTD XHTML 1.0 Transitional//EN"
    "http://www.w3.org/TR/xhtml1/DTD/xhtml1-transitional.dtd">
<html xmlns="http://www.w3.org/1999/xhtml" xml:lang="en" lang="en">
 <head>
  <title>
</title>
<meta http-equiv="Content-Type" content="text/html;charset=utf-8" />
  <meta name='ocr-system' content='tesseract 3.04.00' />
  <meta name='ocr-capabilities' content='ocr_page ocr_carea ocr_par ocr_line ocrx_word'/>
</head>
<body>
  <div class='ocr_page' id='page_1' title='image "./mannaeilucaniph01lucagoog_0137.png"; bbox 0 0 1950 3218; ppageno 0'>
   <div class='ocr_carea' id='block_1_1' title="bbox 150 141 711 194">
    <p class='ocr_par' dir='ltr' id='par_1_1' title="bbox 150 141 711 194">
     <span class='ocr_line' id='line_1_1' title="bbox 150 141 711 194; baseline -0.002 -1"><span class='ocrx_word' id='word_1_1' title='bbox 150 144 201 194; x_wconf 80' lang='lat'>128</span> <span class='ocrx_word' id='word_1_2' title='bbox 322 143 360 193; x_wconf 88' lang='grc' dir='ltr'>Μ.</span> <span class='ocrx_word' id='word_1_3' title='bbox 396 141 495 193; x_wconf 80' lang='grc' dir='ltr'>ΑΝΝ.</span> <span class='ocrx_word' id='word_1_4' title='bbox 530 141 711 194; x_wconf 36' lang='lat' dir='ltr'>Lucrina</span> 
     </span>
    </p>
   </div>
   <div class='ocr_carea' id='block_1_2' title="bbox 84 262 906 2335">
    <p class='ocr_par' dir='ltr' id='par_1_2' title="bbox 151 262 888 381">
     <span class='ocr_line' id='line_1_2' title="bbox 151 262 888 330; baseline 0.001 -16"><span class='ocrx_word' id='word_1_5' title='bbox 151 262 448 330; x_wconf 85' lang='lat' dir='ltr'>Spemquemetumque</span> <span class='ocrx_word' id='word_1_6' title='bbox 460 262 593 312; x_wconf 84' lang='lat' dir='ltr'>ferunt—</span> <span class='ocrx_word' id='word_1_7' title='bbox 604 263 714 312; x_wconf 82' lang='lat' dir='ltr'>Turbae</span> <span class='ocrx_word' id='word_1_8' title='bbox 725 262 773 312; x_wconf 86' lang='lat' dir='ltr'>sed</span> <span class='ocrx_word' id='word_1_9' title='bbox 784 264 888 315; x_wconf 82' lang='lat' dir='ltr'>mixtus</span> 
     </span>
     <span class='ocr_line' id='line_1_3' title="bbox 621 333 698 381; baseline -0.013 0"><span class='ocrx_word' id='word_1_10' title='bbox 621 333 698 381; x_wconf 90' lang='lat' dir='ltr'>inerti</span> 
     </span>
    </p>

    <p class='ocr_par' dir='ltr' id='par_1_3' title="bbox 88 400 800 468">
     <span class='ocr_line' id='line_1_4' title="bbox 88 400 800 468; baseline -0.003 -17"><span class='ocrx_word' id='word_1_11' title='bbox 88 405 139 452; x_wconf 83' lang='lat'>420</span> <span class='ocrx_word' id='word_1_12' title='bbox 151 400 251 452; x_wconf 81' lang='lat' dir='ltr'>Sextus</span> <span class='ocrx_word' id='word_1_13' title='bbox 262 407 329 461; x_wconf 83' lang='lat' dir='ltr'>erat,</span> <span class='ocrx_word' id='word_1_14' title='bbox 342 401 442 465; x_wconf 79' lang='lat' dir='ltr'>lllagno</span> <span class='ocrx_word' id='word_1_15' title='bbox 454 400 544 464; x_wconf 91' lang='lat' dir='ltr'>proles</span> <span class='ocrx_word' id='word_1_16' title='bbox 554 401 665 468; x_wconf 83' lang='lat' dir='ltr'>indigna</span> <span class='ocrx_word' id='word_1_17' title='bbox 677 406 800 466; x_wconf 85' lang='lat' dir='ltr'>parente,</span> 
     </span>
    </p>

    <p class='ocr_par' dir='ltr' id='par_1_4' title="bbox 149 468 804 604">
     <span class='ocr_line' id='line_1_5' title="bbox 151 468 794 535; baseline -0.002 -15"><span class='ocrx_word' id='word_1_18' title='bbox 151 472 201 532; x_wconf 77' lang='lat' dir='ltr'>Qui</span> <span class='ocrx_word' id='word_1_19' title='bbox 212 485 276 519; x_wconf 82' lang='lat' dir='ltr'>rnox</span> <span class='ocrx_word' id='word_1_20' title='bbox 287 468 418 533; x_wconf 70' lang='lat' dir='ltr'>Scyllaeis</span> <span class='ocrx_word' id='word_1_21' title='bbox 430 469 506 517; x_wconf 84' lang='lat' dir='ltr'>exsul</span> <span class='ocrx_word' id='word_1_22' title='bbox 516 479 657 535; x_wconf 79' lang='lat' dir='ltr'>grassatus</span> <span class='ocrx_word' id='word_1_23' title='bbox 667 472 694 519; x_wconf 91' lang='lat' dir='ltr'>in</span> <span class='ocrx_word' id='word_1_24' title='bbox 706 469 794 531; x_wconf 87' lang='lat' dir='ltr'>undis,</span> 
     </span>
     <span class='ocr_line' id='line_1_6' title="bbox 149 535 804 604; baseline -0.003 -14"><span class='ocrx_word' id='word_1_25' title='bbox 149 540 251 590; x_wconf 85' lang='lat' dir='ltr'>Polluit</span> <span class='ocrx_word' id='word_1_26' title='bbox 262 552 413 603; x_wconf 89' lang='lat' dir='ltr'>aequoreos</span> <span class='ocrx_word' id='word_1_27' title='bbox 425 535 530 587; x_wconf 89' lang='lat' dir='ltr'>Siculus</span> <span class='ocrx_word' id='word_1_28' title='bbox 542 540 631 602; x_wconf 82' lang='lat' dir='ltr'><strong>pirata</strong></span> <span class='ocrx_word' id='word_1_29' title='bbox 642 536 804 604; x_wconf 85' lang='lat' dir='ltr'>triumphos,</span> 
     </span>
    </p>

    <p class='ocr_par' dir='ltr' id='par_1_5' title="bbox 147 606 906 747">
     <span class='ocr_line' id='line_1_7' title="bbox 150 606 906 672; baseline -0.001 -13"><span class='ocrx_word' id='word_1_30' title='bbox 150 611 200 670; x_wconf 68' lang='lat' dir='ltr'>(lui</span> <span class='ocrx_word' id='word_1_31' title='bbox 213 607 367 658; x_wconf 83' lang='lat' dir='ltr'>stimulante</span> <span class='ocrx_word' id='word_1_32' title='bbox 377 613 450 656; x_wconf 92' lang='lat' dir='ltr'>metu</span> <span class='ocrx_word' id='word_1_33' title='bbox 461 606 511 656; x_wconf 86' lang='lat' dir='ltr'>fati</span> <span class='ocrx_word' id='word_1_34' title='bbox 523 622 703 672; x_wconf 79' lang='lat' dir='ltr'>praenoscere</span> <span class='ocrx_word' id='word_1_35' title='bbox 716 623 822 670; x_wconf 87' lang='lat' dir='ltr'>cursus,</span> <span class='ocrx_word' id='word_1_36' title='bbox 902 662 906 669; x_wconf 26' lang='lat'>⁵</span> 
     </span>
     <span class='ocr_line' id='line_1_8' title="bbox 147 670 882 747; baseline -0.001 -19"><span class='ocrx_word' id='word_1_37' title='bbox 147 678 347 743; x_wconf 81' lang='lat' dir='ltr'>Impatiensque</span> <span class='ocrx_word' id='word_1_38' title='bbox 357 690 460 738; x_wconf 90' lang='lat' dir='ltr'>morae,</span> <span class='ocrx_word' id='word_1_39' title='bbox 470 678 642 743; x_wconf 88' lang='lat' dir='ltr'>venturisque</span> <span class='ocrx_word' id='word_1_40' title='bbox 655 670 778 727; x_wconf 87' lang='lat' dir='ltr'>omnibus</span> <span class='ocrx_word' id='word_1_41' title='bbox 790 692 882 747; x_wconf 76' lang='lat' dir='ltr'>aeger,</span> 
     </span>
    </p>

    <p class='ocr_par' dir='ltr' id='par_1_6' title="bbox 87 743 855 1087">
     <span class='ocr_line' id='line_1_9' title="bbox 87 743 831 810; baseline -0.001 -14"><span class='ocrx_word' id='word_1_42' title='bbox 87 748 139 796; x_wconf 83' lang='lat'>425</span> <span class='ocrx_word' id='word_1_43' title='bbox 150 747 211 796; x_wconf 85' lang='lat' dir='ltr'>Non</span> <span class='ocrx_word' id='word_1_44' title='bbox 221 744 344 809; x_wconf 85' lang='lat' dir='ltr'>tripodas</span> <span class='ocrx_word' id='word_1_45' title='bbox 355 744 425 806; x_wconf 88' lang='lat' dir='ltr'>Deli,</span> <span class='ocrx_word' id='word_1_46' title='bbox 437 760 490 795; x_wconf 90' lang='lat' dir='ltr'>non</span> <span class='ocrx_word' id='word_1_47' title='bbox 502 743 603 810; x_wconf 87' lang='lat' dir='ltr'>Pythia</span> <span class='ocrx_word' id='word_1_48' title='bbox 615 747 731 795; x_wconf 82' lang='lat' dir='ltr'>consulit</span> <span class='ocrx_word' id='word_1_49' title='bbox 742 752 831 803; x_wconf 80' lang='lat' dir='ltr'>antra.</span> 
     </span>
     <span class='ocr_line' id='line_1_10' title="bbox 148 814 849 881; baseline 0.001 -16"><span class='ocrx_word' id='word_1_50' title='bbox 148 814 206 865; x_wconf 83' lang='lat' dir='ltr'>Nec</span> <span class='ocrx_word' id='word_1_51' title='bbox 218 814 356 880; x_wconf 87' lang='lat' dir='ltr'>quaesisse</span> <span class='ocrx_word' id='word_1_52' title='bbox 367 814 441 875; x_wconf 85' lang='lat' dir='ltr'>libet,</span> <span class='ocrx_word' id='word_1_53' title='bbox 455 815 547 881; x_wconf 90' lang='lat' dir='ltr'>primis</span> <span class='ocrx_word' id='word_1_54' title='bbox 559 816 620 880; x_wconf 85' lang='lat' dir='ltr'>quid</span> <span class='ocrx_word' id='word_1_55' title='bbox 632 814 755 881; x_wconf 80' lang='lat' dir='ltr'>frugibus</span> <span class='ocrx_word' id='word_1_56' title='bbox 766 814 849 867; x_wconf 83' lang='lat' dir='ltr'>altrix</span> 
     </span>
     <span class='ocr_line' id='line_1_11' title="bbox 148 882 799 949; baseline -0.002 -15"><span class='ocrx_word' id='word_1_57' title='bbox 148 886 216 934; x_wconf 81' lang='lat' dir='ltr'>Aere</span> <span class='ocrx_word' id='word_1_58' title='bbox 226 884 296 933; x_wconf 84' lang='lat' dir='ltr'>lovis</span> <span class='ocrx_word' id='word_1_59' title='bbox 308 882 425 932; x_wconf 89' lang='lat' dir='ltr'>Dodona</span> <span class='ocrx_word' id='word_1_60' title='bbox 436 890 522 944; x_wconf 88' lang='lat' dir='ltr'>sonet,</span> <span class='ocrx_word' id='word_1_61' title='bbox 535 885 593 949; x_wconf 91' lang='lat' dir='ltr'>quis</span> <span class='ocrx_word' id='word_1_62' title='bbox 604 899 717 933; x_wconf 82' lang='lat' dir='ltr'>noscere</span> <span class='ocrx_word' id='word_1_63' title='bbox 728 884 799 933; x_wconf 89' lang='lat' dir='ltr'>fibra</span> 
     </span>
     <span class='ocr_line' id='line_1_12' title="bbox 147 952 855 1019; baseline -0.001 -15"><span class='ocrx_word' id='word_1_64' title='bbox 147 954 218 1004; x_wconf 85' lang='lat' dir='ltr'>Fata</span> <span class='ocrx_word' id='word_1_65' title='bbox 230 961 319 1017; x_wconf 81' lang='lat' dir='ltr'>queat,</span> <span class='ocrx_word' id='word_1_66' title='bbox 333 953 390 1019; x_wconf 88' lang='lat' dir='ltr'>quis</span> <span class='ocrx_word' id='word_1_67' title='bbox 401 953 501 1018; x_wconf 90' lang='lat' dir='ltr'>prodat</span> <span class='ocrx_word' id='word_1_68' title='bbox 511 967 583 1013; x_wconf 86' lang='lat' dir='ltr'>ares,</span> <span class='ocrx_word' id='word_1_69' title='bbox 596 954 653 1018; x_wconf 92' lang='lat' dir='ltr'>quis</span> <span class='ocrx_word' id='word_1_70' title='bbox 665 952 774 1019; x_wconf 83' lang='lat' dir='ltr'>fulgura</span> <span class='ocrx_word' id='word_1_71' title='bbox 785 954 855 1003; x_wconf 88' lang='lat' dir='ltr'>coeli</span> 
     </span>
     <span class='ocr_line' id='line_1_13' title="bbox 148 1020 750 1087; baseline -0.003 -15"><span class='ocrx_word' id='word_1_72' title='bbox 148 1020 253 1085; x_wconf 87' lang='lat' dir='ltr'>Serret,</span> <span class='ocrx_word' id='word_1_73' title='bbox 265 1029 293 1071; x_wconf 90' lang='lat' dir='ltr'>ct</span> <span class='ocrx_word' id='word_1_74' title='bbox 304 1024 416 1087; x_wconf 80' lang='lat' dir='ltr'>Assyria</span> <span class='ocrx_word' id='word_1_75' title='bbox 426 1027 562 1071; x_wconf 86' lang='lat' dir='ltr'>scrutetur</span> <span class='ocrx_word' id='word_1_76' title='bbox 574 1022 664 1072; x_wconf 75' lang='lat' dir='ltr'>siclcra</span> <span class='ocrx_word' id='word_1_77' title='bbox 675 1037 750 1083; x_wconf 90' lang='lat' dir='ltr'>cura,</span> 
     </span>
    </p>

    <p class='ocr_par' dir='ltr' id='par_1_7' title="bbox 84 1089 871 1435">
     <span class='ocr_line' id='line_1_14' title="bbox 84 1089 854 1158; baseline -0.003 -15"><span class='ocrx_word' id='word_1_78' title='bbox 84 1093 137 1144; x_wconf 84' lang='lat'>430</span> <span class='ocrx_word' id='word_1_79' title='bbox 150 1095 202 1143; x_wconf 80' lang='lat' dir='ltr'>Aut</span> <span class='ocrx_word' id='word_1_80' title='bbox 212 1093 236 1141; x_wconf 91' lang='lat' dir='ltr'>si</span> <span class='ocrx_word' id='word_1_81' title='bbox 246 1092 308 1158; x_wconf 84' lang='lat' dir='ltr'>qaid</span> <span class='ocrx_word' id='word_1_82' title='bbox 319 1092 441 1152; x_wconf 87' lang='lat' dir='ltr'>tacitum,</span> <span class='ocrx_word' id='word_1_83' title='bbox 453 1091 501 1140; x_wconf 87' lang='lat' dir='ltr'>sed</span> <span class='ocrx_word' id='word_1_84' title='bbox 513 1089 563 1150; x_wconf 83' lang='lat' dir='ltr'>fas,</span> <span class='ocrx_word' id='word_1_85' title='bbox 576 1098 642 1140; x_wconf 91' lang='lat' dir='ltr'>erat.</span> <span class='ocrx_word' id='word_1_86' title='bbox 670 1091 718 1141; x_wconf 91' lang='lat' dir='ltr'>llle</span> <span class='ocrx_word' id='word_1_87' title='bbox 730 1094 854 1158; x_wconf 85' lang='lat' dir='ltr'>supernis</span> 
     </span>
     <span class='ocr_line' id='line_1_15' title="bbox 148 1161 811 1227; baseline -0.002 -15"><span class='ocrx_word' id='word_1_88' title='bbox 148 1161 319 1212; x_wconf 84' lang='lat' dir='ltr'>Detestanda</span> <span class='ocrx_word' id='word_1_89' title='bbox 334 1161 391 1210; x_wconf 87' lang='lat' dir='ltr'>deis</span> <span class='ocrx_word' id='word_1_90' title='bbox 403 1175 545 1211; x_wconf 84' lang='lat' dir='ltr'>saevorum</span> <span class='ocrx_word' id='word_1_91' title='bbox 557 1175 658 1209; x_wconf 87' lang='lat' dir='ltr'>arcana</span> <span class='ocrx_word' id='word_1_92' title='bbox 668 1175 811 1227; x_wconf 86' lang='lat' dir='ltr'>magorum</span> 
     </span>
     <span class='ocr_line' id='line_1_16' title="bbox 148 1228 741 1291; baseline -0.003 -11"><span class='ocrx_word' id='word_1_93' title='bbox 148 1231 278 1291; x_wconf 78' lang='lat' dir='ltr'>Noverat,</span> <span class='ocrx_word' id='word_1_94' title='bbox 292 1237 320 1280; x_wconf 89' lang='lat' dir='ltr'>et</span> <span class='ocrx_word' id='word_1_95' title='bbox 330 1232 421 1280; x_wconf 82' lang='lat' dir='ltr'>tristes</span> <span class='ocrx_word' id='word_1_96' title='bbox 432 1231 517 1279; x_wconf 86' lang='lat' dir='ltr'>sacris</span> <span class='ocrx_word' id='word_1_97' title='bbox 529 1228 658 1279; x_wconf 80' lang='lat' dir='ltr'>feralibus</span> <span class='ocrx_word' id='word_1_98' title='bbox 670 1245 741 1291; x_wconf 89' lang='lat' dir='ltr'>aras,</span> 
     </span>
     <span class='ocr_line' id='line_1_17' title="bbox 150 1298 871 1365; baseline -0.004 -15"><span class='ocrx_word' id='word_1_99' title='bbox 150 1301 309 1351; x_wconf 88' lang='lat' dir='ltr'>Umbrarum</span> <span class='ocrx_word' id='word_1_100' title='bbox 322 1300 447 1365; x_wconf 86' lang='lat' dir='ltr'>Ditisque</span> <span class='ocrx_word' id='word_1_101' title='bbox 459 1299 553 1349; x_wconf 86' lang='lat' dir='ltr'>fidem:</span> <span class='ocrx_word' id='word_1_102' title='bbox 573 1302 726 1365; x_wconf 89' lang='lat' dir='ltr'>miseroque</span> <span class='ocrx_word' id='word_1_103' title='bbox 738 1298 871 1365; x_wconf 84' lang='lat' dir='ltr'>liquebat,</span> 
     </span>
     <span class='ocr_line' id='line_1_18' title="bbox 149 1368 846 1435; baseline -0.004 -16"><span class='ocrx_word' id='word_1_104' title='bbox 149 1368 224 1419; x_wconf 89' lang='lat' dir='ltr'>Scire</span> <span class='ocrx_word' id='word_1_105' title='bbox 240 1385 334 1435; x_wconf 88' lang='lat' dir='ltr'>parum</span> <span class='ocrx_word' id='word_1_106' title='bbox 352 1383 473 1435; x_wconf 81' lang='lat' dir='ltr'>superos.</span> <span class='ocrx_word' id='word_1_107' title='bbox 503 1369 608 1419; x_wconf 86' lang='lat' dir='ltr'>Vanum</span> <span class='ocrx_word' id='word_1_108' title='bbox 625 1383 788 1435; x_wconf 84' lang='lat' dir='ltr'>sacrumque</span> <span class='ocrx_word' id='word_1_109' title='bbox 806 1368 846 1417; x_wconf 85' lang='lat' dir='ltr'>fu·</span> 
     </span>
    </p>

    <p class='ocr_par' dir='ltr' id='par_1_8' title="bbox 616 1454 706 1487">
     <span class='ocr_line' id='line_1_19' title="bbox 616 1454 706 1487; baseline -0.011 0"><span class='ocrx_word' id='word_1_110' title='bbox 616 1454 706 1487; x_wconf 89' lang='lat' dir='ltr'>rorem</span> 
     </span>
    </p>

    <p class='ocr_par' dir='ltr' id='par_1_9' title="bbox 87 1507 880 1849">
     <span class='ocr_line' id='line_1_20' title="bbox 87 1507 811 1572; baseline 0.003 -17"><span class='ocrx_word' id='word_1_111' title='bbox 87 1507 138 1555; x_wconf 84' lang='grc'>435</span> <span class='ocrx_word' id='word_1_112' title='bbox 148 1507 264 1556; x_wconf 79' lang='lat' dir='ltr'>llcliurat</span> <span class='ocrx_word' id='word_1_113' title='bbox 274 1509 332 1571; x_wconf 83' lang='lat' dir='ltr'>ipse</span> <span class='ocrx_word' id='word_1_114' title='bbox 344 1507 429 1566; x_wconf 88' lang='lat' dir='ltr'>locus,</span> <span class='ocrx_word' id='word_1_115' title='bbox 441 1507 581 1572; x_wconf 81' lang='lat' dir='ltr'>vicinaque</span> <span class='ocrx_word' id='word_1_116' title='bbox 595 1509 702 1557; x_wconf 86' lang='lat' dir='ltr'>moenia</span> <span class='ocrx_word' id='word_1_117' title='bbox 713 1508 811 1557; x_wconf 75' lang='lat' dir='ltr'>castris</span> 
     </span>
     <span class='ocr_line' id='line_1_21' title="bbox 148 1575 832 1640; baseline 0.003 -16"><span class='ocrx_word' id='word_1_118' title='bbox 148 1575 356 1635; x_wconf 77' lang='lat' dir='ltr'>Haemonidum,</span> <span class='ocrx_word' id='word_1_119' title='bbox 369 1576 425 1624; x_wconf 88' lang='lat' dir='ltr'>ficti</span> <span class='ocrx_word' id='word_1_120' title='bbox 438 1590 503 1640; x_wconf 89' lang='lat' dir='ltr'>quas</span> <span class='ocrx_word' id='word_1_121' title='bbox 515 1577 586 1624; x_wconf 90' lang='lat' dir='ltr'>nulla</span> <span class='ocrx_word' id='word_1_122' title='bbox 598 1578 705 1626; x_wconf 85' lang='lat' dir='ltr'>licentia</span> <span class='ocrx_word' id='word_1_123' title='bbox 716 1578 832 1627; x_wconf 86' lang='lat' dir='ltr'>monstri</span> 
     </span>
     <span class='ocr_line' id='line_1_22' title="bbox 151 1644 880 1710; baseline 0.005 -19"><span class='ocrx_word' id='word_1_124' title='bbox 151 1644 880 1710; x_wconf 76' lang='lat' dir='ltr'>&#39;l¹ransie1it;qrrar·unr,quiclquirlnoncreclitur,arscst</span> 
     </span>
     <span class='ocr_line' id='line_1_23' title="bbox 148 1711 846 1782; baseline 0.009 -22"><span class='ocrx_word' id='word_1_125' title='bbox 148 1711 282 1761; x_wconf 81' lang='lat' dir='ltr'>&#39;l&#39;bcssala</span> <span class='ocrx_word' id='word_1_126' title='bbox 292 1715 353 1779; x_wconf 90' lang='lat' dir='ltr'>quin</span> <span class='ocrx_word' id='word_1_127' title='bbox 366 1715 446 1762; x_wconf 90' lang='lat' dir='ltr'>ctiam</span> <span class='ocrx_word' id='word_1_128' title='bbox 459 1713 538 1762; x_wconf 83' lang='lat' dir='ltr'>tellus</span> <span class='ocrx_word' id='word_1_129' title='bbox 551 1713 701 1782; x_wconf 84' lang='lat' dir='ltr'>herbasque</span> <span class='ocrx_word' id='word_1_130' title='bbox 714 1722 846 1765; x_wconf 86' lang='lat' dir='ltr'>nocentes</span> 
     </span>
     <span class='ocr_line' id='line_1_24' title="bbox 148 1782 806 1849; baseline 0.008 -19"><span class='ocrx_word' id='word_1_131' title='bbox 148 1782 268 1847; x_wconf 83' lang='lat' dir='ltr'>Rupibus</span> <span class='ocrx_word' id='word_1_132' title='bbox 279 1783 409 1848; x_wconf 80' lang='lat' dir='ltr'>ingenuit,</span> <span class='ocrx_word' id='word_1_133' title='bbox 421 1798 585 1849; x_wconf 89' lang='lat' dir='ltr'>sensuraque</span> <span class='ocrx_word' id='word_1_134' title='bbox 597 1800 664 1833; x_wconf 83' lang='lat' dir='ltr'>saxa</span> <span class='ocrx_word' id='word_1_135' title='bbox 676 1792 806 1835; x_wconf 86' lang='lat' dir='ltr'>canentes</span> 
     </span>
    </p>

    <p class='ocr_par' dir='ltr' id='par_1_10' title="bbox 86 1851 879 2198">
     <span class='ocr_line' id='line_1_25' title="bbox 86 1851 817 1917; baseline 0.004 -16"><span class='ocrx_word' id='word_1_136' title='bbox 86 1853 138 1901; x_wconf 82' lang='lat'>440</span> <span class='ocrx_word' id='word_1_137' title='bbox 150 1854 282 1901; x_wconf 81' lang='lat' dir='ltr'>Arcanum</span> <span class='ocrx_word' id='word_1_138' title='bbox 297 1851 380 1901; x_wconf 85' lang='lat' dir='ltr'>ferale</span> <span class='ocrx_word' id='word_1_139' title='bbox 392 1853 497 1917; x_wconf 78' lang='lat' dir='ltr'>Magos.</span> <span class='ocrx_word' id='word_1_140' title='bbox 527 1854 564 1902; x_wconf 91' lang='lat' dir='ltr'>lbi</span> <span class='ocrx_word' id='word_1_141' title='bbox 578 1854 692 1917; x_wconf 90' lang='lat' dir='ltr'>plurima</span> <span class='ocrx_word' id='word_1_142' title='bbox 702 1870 748 1903; x_wconf 84' lang='lat' dir='ltr'>sur</span> <span class='ocrx_word' id='word_1_143' title='bbox 786 1864 817 1904; x_wconf 90' lang='lat' dir='ltr'>nt</span> 
     </span>
     <span class='ocr_line' id='line_1_26' title="bbox 148 1870 799 1988; baseline 0.002 -16"><span class='ocrx_word' id='word_1_144' title='bbox 148 1921 209 1972; x_wconf 90' lang='lat' dir='ltr'>Vim</span> <span class='ocrx_word' id='word_1_145' title='bbox 223 1920 329 1970; x_wconf 87' lang='lat' dir='ltr'>factura</span> <span class='ocrx_word' id='word_1_146' title='bbox 342 1921 406 1971; x_wconf 85' lang='lat' dir='ltr'>dcis.</span> <span class='ocrx_word' id='word_1_147' title='bbox 433 1923 468 1970; x_wconf 81' lang='lat' dir='ltr'>Et</span> <span class='ocrx_word' id='word_1_148' title='bbox 479 1925 559 1972; x_wconf 87' lang='lat' dir='ltr'>terris</span> <span class='ocrx_word' id='word_1_149' title='bbox 571 1920 680 1988; x_wconf 86' lang='lat' dir='ltr'>hospita</span> <span class='ocrx_word' id='word_1_150' title='bbox 691 1870 799 1973; x_wconf 58' lang='lat' dir='ltr'>Colcffis</span> 
     </span>
     <span class='ocr_line' id='line_1_27' title="bbox 147 1990 879 2057; baseline 0.007 -18"><span class='ocrx_word' id='word_1_151' title='bbox 147 1990 229 2057; x_wconf 78' lang='lat' dir='ltr'>Legit</span> <span class='ocrx_word' id='word_1_152' title='bbox 239 1991 265 2039; x_wconf 92' lang='lat' dir='ltr'>in</span> <span class='ocrx_word' id='word_1_153' title='bbox 278 1991 442 2052; x_wconf 86' lang='lat' dir='ltr'>llaemoniis,</span> <span class='ocrx_word' id='word_1_154' title='bbox 456 2007 522 2057; x_wconf 89' lang='lat' dir='ltr'>quas</span> <span class='ocrx_word' id='word_1_155' title='bbox 537 2008 588 2041; x_wconf 89' lang='lat' dir='ltr'>non</span> <span class='ocrx_word' id='word_1_156' title='bbox 602 1993 757 2054; x_wconf 79' lang='lat' dir='ltr'>advexerat,</span> <span class='ocrx_word' id='word_1_157' title='bbox 770 1992 879 2044; x_wconf 79' lang='lat' dir='ltr'>herbas.</span> 
     </span>
     <span class='ocr_line' id='line_1_28' title="bbox 150 2060 800 2128; baseline 0.005 -19"><span class='ocrx_word' id='word_1_158' title='bbox 150 2061 233 2126; x_wconf 90' lang='lat' dir='ltr'>lmpia</span> <span class='ocrx_word' id='word_1_159' title='bbox 243 2067 285 2109; x_wconf 91' lang='lat' dir='ltr'>tot</span> <span class='ocrx_word' id='word_1_160' title='bbox 297 2060 410 2125; x_wconf 88' lang='lat' dir='ltr'>populis,</span> <span class='ocrx_word' id='word_1_161' title='bbox 423 2067 465 2109; x_wconf 88' lang='lat' dir='ltr'>tot</span> <span class='ocrx_word' id='word_1_162' title='bbox 475 2061 570 2110; x_wconf 89' lang='lat' dir='ltr'>surdas</span> <span class='ocrx_word' id='word_1_163' title='bbox 583 2062 708 2128; x_wconf 84' lang='lat' dir='ltr'>gentibus</span> <span class='ocrx_word' id='word_1_164' title='bbox 720 2077 800 2112; x_wconf 90' lang='lat' dir='ltr'>aures</span> 
     </span>
     <span class='ocr_line' id='line_1_29' title="bbox 148 2130 808 2198; baseline 0.005 -19"><span class='ocrx_word' id='word_1_165' title='bbox 148 2130 310 2179; x_wconf 85' lang='lat' dir='ltr'>Coelicolum</span> <span class='ocrx_word' id='word_1_166' title='bbox 324 2130 397 2179; x_wconf 77' lang='lat' dir='ltr'>clirae</span> <span class='ocrx_word' id='word_1_167' title='bbox 410 2138 570 2180; x_wconf 87' lang='lat' dir='ltr'>convertunt</span> <span class='ocrx_word' id='word_1_168' title='bbox 581 2133 701 2181; x_wconf 84' lang='lat' dir='ltr'>carmina</span> <span class='ocrx_word' id='word_1_169' title='bbox 711 2134 808 2198; x_wconf 83' lang='lat' dir='ltr'>gentis.</span> 
     </span>
    </p>

    <p class='ocr_par' dir='ltr' id='par_1_11' title="bbox 87 2198 835 2335">
     <span class='ocr_line' id='line_1_30' title="bbox 87 2198 751 2264; baseline 0.005 -17"><span class='ocrx_word' id='word_1_170' title='bbox 87 2200 137 2247; x_wconf 90' lang='grc'>445</span> <span class='ocrx_word' id='word_1_171' title='bbox 150 2200 208 2249; x_wconf 92' lang='lat' dir='ltr'>Una</span> <span class='ocrx_word' id='word_1_172' title='bbox 220 2215 268 2264; x_wconf 88' lang='lat' dir='ltr'>per</span> <span class='ocrx_word' id='word_1_173' title='bbox 279 2198 421 2249; x_wconf 88' lang='lat' dir='ltr'>aethereos</span> <span class='ocrx_word' id='word_1_174' title='bbox 433 2202 488 2249; x_wconf 86' lang='lat' dir='ltr'>exit</span> <span class='ocrx_word' id='word_1_175' title='bbox 499 2216 550 2249; x_wconf 83' lang='lat' dir='ltr'>vox</span> <span class='ocrx_word' id='word_1_176' title='bbox 562 2201 608 2250; x_wconf 88' lang='lat' dir='ltr'>illa</span> <span class='ocrx_word' id='word_1_177' title='bbox 621 2217 751 2263; x_wconf 84' lang='lat' dir='ltr'>recessus,</span> 
     </span>
     <span class='ocr_line' id='line_1_31' title="bbox 148 2269 835 2335; baseline 0.006 -18"><span class='ocrx_word' id='word_1_178' title='bbox 148 2269 292 2335; x_wconf 85' lang='lat' dir='ltr'>Verbaque</span> <span class='ocrx_word' id='word_1_179' title='bbox 305 2270 338 2318; x_wconf 85' lang='lat' dir='ltr'>ad</span> <span class='ocrx_word' id='word_1_180' title='bbox 349 2271 460 2318; x_wconf 82' lang='lat' dir='ltr'>inritum</span> <span class='ocrx_word' id='word_1_181' title='bbox 473 2270 576 2335; x_wconf 87' lang='lat' dir='ltr'>perfert</span> <span class='ocrx_word' id='word_1_182' title='bbox 589 2271 715 2335; x_wconf 77' lang='lat' dir='ltr'>cogentia</span> <span class='ocrx_word' id='word_1_183' title='bbox 727 2286 835 2333; x_wconf 89' lang='lat' dir='ltr'>numen,</span> 
     </span>
    </p>
   </div>
   <div class='ocr_carea' id='block_1_3' title="bbox 84 2337 880 2752">
    <p class='ocr_par' dir='ltr' id='par_1_12' title="bbox 148 2337 854 2407">
     <span class='ocr_line' id='line_1_32' title="bbox 148 2337 854 2407; baseline 0.01 -22"><span class='ocrx_word' id='word_1_184' title='bbox 148 2337 227 2397; x_wconf 79' lang='lat' dir='ltr'>Quod</span> <span class='ocrx_word' id='word_1_185' title='bbox 239 2354 289 2387; x_wconf 90' lang='lat' dir='ltr'>non</span> <span class='ocrx_word' id='word_1_186' title='bbox 304 2354 368 2387; x_wconf 90' lang='lat' dir='ltr'>cura</span> <span class='ocrx_word' id='word_1_187' title='bbox 379 2339 442 2403; x_wconf 92' lang='lat' dir='ltr'>poli,</span> <span class='ocrx_word' id='word_1_188' title='bbox 455 2339 577 2405; x_wconf 87' lang='lat' dir='ltr'>coelique</span> <span class='ocrx_word' id='word_1_189' title='bbox 589 2340 712 2389; x_wconf 75' lang='lat' dir='ltr'>volubilis</span> <span class='ocrx_word' id='word_1_190' title='bbox 725 2355 854 2407; x_wconf 86' lang='lat' dir='ltr'>umquam</span> 
     </span>
    </p>

    <p class='ocr_par' dir='ltr' id='par_1_13' title="bbox 144 2407 842 2475">
     <span class='ocr_line' id='line_1_33' title="bbox 144 2407 842 2475; baseline 0.007 -20"><span class='ocrx_word' id='word_1_191' title='bbox 144 2409 255 2457; x_wconf 82' lang='lat' dir='ltr'>Arocat.</span> <span class='ocrx_word' id='word_1_192' title='bbox 286 2407 426 2457; x_wconf 82' lang='lat' dir='ltr'>lnfamlum</span> <span class='ocrx_word' id='word_1_193' title='bbox 437 2410 527 2475; x_wconf 85' lang='lat' dir='ltr'>tcgr&#39;tit</span> <span class='ocrx_word' id='word_1_194' title='bbox 539 2425 598 2458; x_wconf 91' lang='lat' dir='ltr'>cum</span> <span class='ocrx_word' id='word_1_195' title='bbox 611 2410 700 2459; x_wconf 83' lang='lat' dir='ltr'>sidera</span> <span class='ocrx_word' id='word_1_196' title='bbox 711 2425 842 2473; x_wconf 89' lang='lat' dir='ltr'>murmur,</span> 
     </span>
    </p>

    <p class='ocr_par' dir='ltr' id='par_1_14' title="bbox 84 2477 880 2616">
     <span class='ocr_line' id='line_1_34' title="bbox 145 2477 880 2546; baseline 0.01 -23"><span class='ocrx_word' id='word_1_197' title='bbox 145 2477 223 2525; x_wconf 71' lang='lat' dir='ltr'>&#39;l‘unc</span> <span class='ocrx_word' id='word_1_198' title='bbox 235 2477 358 2541; x_wconf 78' lang='lat' dir='ltr'>Babylon</span> <span class='ocrx_word' id='word_1_199' title='bbox 372 2477 554 2538; x_wconf 79' lang='lat' dir='ltr'>l&#39;ersealicet,</span> <span class='ocrx_word' id='word_1_200' title='bbox 571 2485 731 2545; x_wconf 87' lang='lat' dir='ltr'>secretaque</span> <span class='ocrx_word' id='word_1_201' title='bbox 742 2478 880 2546; x_wconf 83' lang='lat' dir='ltr'>Memphis</span> 
     </span>
     <span class='ocr_line' id='line_1_35' title="bbox 84 2542 836 2616; baseline 0.015 -27"><span class='ocrx_word' id='word_1_202' title='bbox 84 2542 135 2590; x_wconf 85' lang='grc'>450</span> <span class='ocrx_word' id='word_1_203' title='bbox 149 2544 234 2593; x_wconf 84' lang='lat' dir='ltr'>Omne</span> <span class='ocrx_word' id='word_1_204' title='bbox 244 2556 412 2596; x_wconf 78' lang='lat' dir='ltr'>vetustorum</span> <span class='ocrx_word' id='word_1_205' title='bbox 425 2546 512 2595; x_wconf 82' lang='lat' dir='ltr'>solvat</span> <span class='ocrx_word' id='word_1_206' title='bbox 524 2563 583 2611; x_wconf 85' lang='lat' dir='ltr'>per.</span> <span class='ocrx_word' id='word_1_207' title='bbox 595 2547 661 2597; x_wconf 73' lang='grc' dir='ltr'>ι1110</span> <span class='ocrx_word' id='word_1_208' title='bbox 676 2549 836 2616; x_wconf 74' lang='lat' dir='ltr'>Magorumt</span> 
     </span>
    </p>

    <p class='ocr_par' dir='ltr' id='par_1_15' title="bbox 145 2613 712 2679">
     <span class='ocr_line' id='line_1_36' title="bbox 145 2613 712 2679; baseline 0.014 -19"><span class='ocrx_word' id='word_1_209' title='bbox 145 2613 259 2663; x_wconf 42' lang='lat' dir='ltr'>lllnlncit</span> <span class='ocrx_word' id='word_1_210' title='bbox 270 2632 383 2679; x_wconf 85' lang='lat' dir='ltr'>superos</span> <span class='ocrx_word' id='word_1_211' title='bbox 395 2618 486 2665; x_wconf 64' lang='lat' dir='ltr'>auena</span> <span class='ocrx_word' id='word_1_212' title='bbox 506 2614 636 2667; x_wconf 67' lang='lat' dir='ltr'>l&#39;hc.2salis</span> <span class='ocrx_word' id='word_1_213' title='bbox 649 2619 712 2668; x_wconf 88' lang='lat' dir='ltr'>aris.</span> 
     </span>
    </p>

    <p class='ocr_par' dir='ltr' id='par_1_16' title="bbox 147 2680 846 2752">
     <span class='ocr_line' id='line_1_37' title="bbox 147 2680 846 2752; baseline 0.017 -25"><span class='ocrx_word' id='word_1_214' title='bbox 147 2683 269 2731; x_wconf 74' lang='lat' dir='ltr'>t&#39;arnrinc</span> <span class='ocrx_word' id='word_1_215' title='bbox 277 2680 466 2735; x_wconf 79' lang='lat' dir='ltr'>&#39;l&#39;lressaliclum</span> <span class='ocrx_word' id='word_1_216' title='bbox 478 2685 546 2736; x_wconf 64' lang='lat' dir='ltr'>aura</span> <span class='ocrx_word' id='word_1_217' title='bbox 555 2687 581 2735; x_wconf 89' lang='lat' dir='ltr'>in</span> <span class='ocrx_word' id='word_1_218' title='bbox 593 2689 755 2752; x_wconf 86' lang='lat' dir='ltr'>praecordia</span> <span class='ocrx_word' id='word_1_219' title='bbox 765 2688 846 2739; x_wconf 78' lang='lat' dir='ltr'>fluxit</span> 
     </span>
    </p>
   </div>
   <div class='ocr_carea' id='block_1_4' title="bbox 0 0 980 3218">
    <p class='ocr_par' dir='ltr' id='par_1_17' title="bbox 0 0 980 3218">
     <span class='ocr_line' id='line_1_38' title="bbox 0 0 980 3218; baseline 0 0"><span class='ocrx_word' id='word_1_220' title='bbox 0 0 980 3218; x_wconf 95' lang='lat' dir='ltr'> </span> 
     </span>
    </p>
   </div>
  </div>
 </body>
</html>
