1956 3106
205 160 695 212 cammerinorum.
771 163 822 212 aar
914 134 916 138 '

138 283 250 350 lamque
270 281 322 331 illis
338 282 424 347 magis
456 285 537 346 atque
558 282 645 347 magis
667 281 813 332 durescere

580 349 649 400 ulvis

87 422 198 487 Coepit,
212 425 240 470 et
249 420 277 468 in
288 424 389 469 terram
400 417 490 484 Libye
501 365 619 484 spafata
629 419 738 468 reverti.

91 492 199 556 lantque
212 488 307 554 procul
316 503 395 537 rarae
405 502 582 538 nemorumse
592 487 688 536 tollere
698 485 824 538 frondes:

90 559 208 625 Surgere
221 562 351 623 congosto
362 572 416 606 non
428 556 502 606 culta
512 557 631 622 mapalia
643 555 740 607 culmo.
832 555 883 608 945

90 629 199 688 Quanta
210 626 286 676 dedit
297 626 402 676 miseris
412 625 531 676 melioris
542 626 644 693 gaudia
655 630 755 688 terrae,

90 699 156 746 Cum
168 696 284 760 primum
294 709 390 744 saevos
403 700 500 744 contra
509 695 601 745 ridere
613 693 719 745 leones!

92 766 221 815 Proxima
230 763 326 830 Leptis
338 769 405 827 erat,
420 765 495 813 cuius
506 765 624 814 statione
637 764 756 832 quietam

91 834 217 901 Exegere
229 830 354 893 hiemem,
366 833 464 882 nimbis
475 831 643 901 flanrmisque
656 840 803 884 carentem.

144 905 245 953 Caesar
256 909 287 953 ut
298 901 426 952 Emathia
436 902 551 953 satiatus
563 903 640 954 elada
651 904 775 963 recessit,
836 901 886 952 959

91 974 191 1023 Cetera
202 987 328 1022 curarum
340 971 458 1039 proiecit
468 971 597 1037 pondera,
610 973 661 1022 soli

91 1044 214 1092 intentus
226 1055 342 1108 genero:
366 1041 442 1090 cuius
452 1041 567 1107 vestigia
576 1040 680 1091 frustra

91 1113 186 1162 Terris
197 1125 292 1176 sparsa
303 1110 410 1176 legens,
421 1108 495 1158 fama
506 1109 575 1158 duce
585 1110 674 1159 tendit
684 1110 710 1159 in
723 1109 818 1171 undas,

91 1179 288 1245 Threiciasque
300 1179 366 1245 legit
376 1178 480 1240 fauces,
493 1184 521 1228 et
531 1192 624 1227 amore
636 1184 760 1227 notatum

91 1252 208 1315 Aequor,
222 1253 249 1298 et
262 1249 349 1297 Eroas
360 1248 515 1312 lacrymoso
527 1246 608 1296 litore
618 1252 716 1309 turres,
837 1245 888 1297 955

93 1320 154 1379 Qua
166 1316 264 1383 pelago
277 1331 374 1366 nomen
386 1314 550 1381 Nepheleias
564 1316 676 1366 abstulit
685 1316 775 1366 Helle.

93 1386 152 1437 Non
165 1387 254 1435 Asiam
265 1387 397 1435 brevioris
411 1401 497 1452 aquae
511 1386 681 1435 disterminat
694 1401 809 1453 usquam

91 1455 203 1506 Fluctus
215 1456 248 1505 ab
262 1456 382 1521 Europa,
396 1456 517 1522 quamvis
529 1455 684 1520 Byzantion
696 1461 772 1506 arcto

91 1527 203 1586 Pontus,
216 1531 245 1575 et
256 1524 412 1575 ostriferam
424 1524 533 1575 dirimat
546 1523 719 1575 Chalcedona
730 1540 820 1586 cursu,

90 1596 279 1662 Euxinumque
291 1593 381 1646 ferens
392 1609 477 1660 parvo
488 1600 552 1645 ruat
564 1609 611 1645 ore
624 1594 780 1662 Propontis.
837 1591 889 1644 990

90 1664 239 1732 Sigeasque
252 1666 320 1730 petit
331 1664 421 1715 famae
433 1665 548 1715 mirator
558 1679 663 1727 arenas,

90 1733 127 1783 Et
138 1733 286 1783 Simoentis
298 1749 391 1799 aquas,
403 1739 432 1783 et
443 1733 527 1784 Graio
539 1733 629 1784 nobile
640 1734 722 1785 busto

91 1801 241 1861 Rhoetion,
253 1808 281 1851 et
291 1803 406 1850 multum
417 1801 549 1852 debentes
561 1803 669 1852 vatibus
681 1803 800 1852 umbras.

92 1870 193 1919 Circuit
204 1874 316 1919 exustae
328 1884 426 1919 nomen
439 1871 613 1920 memorabile.
626 1872 741 1933 Troiae,

91 1939 245 2003 Magnaque
257 1936 378 1988 Phoebei
390 1941 496 2005 quaerit
505 1939 622 2006 vestigia
631 1941 709 1989 muri.
838 1935 889 1987 965

93 2007 149 2055 lom
163 2005 246 2056 silvae
257 2006 380 2067 steriles,
393 2014 421 2056 et
432 2015 524 2073 putres
535 2008 636 2058 robore
647 2009 737 2058 trunci
781 2052 783 2055 .

91 2075 219 2125 Assaraci
230 2090 354 2140 pressere
366 2076 472 2138 domos,
485 2081 513 2126 et
523 2077 626 2141 templa
639 2077 753 2127 deorum

94 2147 151 2194 lam
161 2144 234 2194 lassa
246 2145 339 2194 radice
350 2151 456 2196 tenent:
477 2161 509 2196 ac
521 2150 582 2196 tota
593 2153 724 2213 teguntur

94 2216 229 2281 Pergama
240 2214 369 2264 dumetis:
390 2215 472 2265 etiam
484 2216 590 2281 periere
601 2216 705 2266 ruinae.

93 2285 216 2347 suspicit
230 2284 365 2335 Hesiones
376 2285 518 2350 scopulos,
529 2284 664 2352 silvasque
675 2285 801 2345 latentes,
838 2284 891 2334 oto

93 2353 227 2404 Anchisae
240 2352 390 2416 thalamos;
410 2369 463 2420 quo
474 2353 557 2405 iudex
567 2355 671 2405 sederit
681 2360 774 2405 antro:

97 2423 171 2472 Unde
183 2439 251 2489 puer
260 2429 354 2490 raptus
367 2423 458 2474 coelo:
478 2439 531 2491 quo
544 2426 647 2474 vertice
659 2423 725 2474 Nais

94 2492 206 2542 Luserit
217 2494 343 2543 Oenone:
364 2493 463 2543 nullum
475 2499 517 2543 est
528 2495 586 2544 sine
597 2494 706 2545 nominc
717 2508 821 2545 saxum.

95 2561 198 2610 luscius
210 2563 235 2610 in
248 2565 321 2612 sicco
333 2568 488 2629 serpentem
498 2563 609 2630 pulvere
621 2564 707 2614 rivum

96 2630 270 2693 Transierat,
283 2633 328 2698 qui
339 2631 464 2682 Xanthus
476 2639 548 2683 erat:
566 2648 678 2683 securus
689 2634 717 2685 iu
730 2632 785 2684 alto
839 2629 890 2681 915

95 2698 225 2750 Gramine
237 2703 357 2766 ponebat
370 2717 492 2770 gressum
511 2700 607 2770 Phryx
617 2703 708 2756 incola
718 2717 811 2754 maner
