1956 3106
220 161 506 215 l'llARSALlA.
542 162 634 214 LlB.
664 163 703 213 11.
795 161 828 215 35

89 287 171 335 'l'une
179 283 442 349 UnibrisMar·sisque
450 281 537 345 ferax,
544 281 829 351 domitusqueSabello
837 286 888 335 430

92 354 219 416 Vomere,
229 350 350 419 piniferis
362 351 502 417 amplexus
513 352 624 417 rupibus
635 366 727 403 omnes

91 423 233 489 indigenas
245 422 318 472 Latii
329 421 453 487 populos,
465 435 519 470 non
530 421 630 470 deserit
641 427 704 471 ante

91 492 262 557 Hesperiam,
274 505 354 557 quain
367 505 427 538 eum
439 488 573 554 Scyllaeis
585 489 720 539 clauditur
730 491 816 553 undis,

90 560 273 626 Extenditque
285 574 348 608 suas
360 560 384 607 in
399 558 500 624 templa
510 557 625 608 Lacinia
636 573 726 623 rupes,

90 629 212 695 Longior
224 628 311 688 ltalia,
324 627 410 678 donec
421 628 538 677 confinia
551 634 649 693 pontus
838 631 887 679 435

89 696 215 748 Solveret
227 696 393 758 incumbens,
406 703 547 762 terrasque
560 697 705 762 repelleret
715 711 826 764 aequor.

87 768 122 817 At
135 773 278 833 postquam
288 767 396 832 gemino
407 766 487 815 tellus
498 766 564 815 elisa
576 764 711 831 profundo
724 774 774 828 est,

87 837 212 886 Extremi
225 834 307 884 colles
319 832 410 885 Siculo
423 850 531 885 cessere
541 833 650 885 Peloro.

144 906 258 965 Caesar,
272 905 299 953 in
312 918 388 953 arma
399 902 513 1021 furens,f
522 903 617 965 nullas,
634 905 685 954 nisi
696 905 826 972 sanguine

513 989 571 1032 uso,

90 1041 199 1092 Gaudet
209 1039 382 1102 habererias,
389 1041 461 1107 qued
470 1056 524 1091 non
532 1041 688 1093 terathoste
696 1047 825 1092 vacantes
836 1044 887 1092 440

88 1112 240 1177 llesperiac
253 1111 329 1171 lines,
340 1124 495 1175 vacuosque
506 1111 639 1175 irrumpat
650 1113 675 1159 in
688 1125 778 1176 agros,

86 1182 174 1246 Atque
187 1180 275 1244 ipsum
286 1195 340 1227 non
352 1178 449 1242 perdat
460 1179 522 1237 iter,
535 1185 714 1244 consertaque
726 1178 802 1228 bellis

87 1249 166 1298 Bella
176 1255 262 1314 gerat.
281 1246 343 1296 Non
354 1253 410 1294 tam
422 1257 516 1311 portas
526 1247 628 1295 intrare
640 1253 774 1313 patentes,

89 1318 179 1376 Quam
192 1314 315 1380 fregisse,
325 1315 414 1363 iuvat:
431 1320 550 1363 nectam
562 1316 681 1378 patiente
693 1315 790 1364 colono

89 1387 161 1434 Arra
172 1383 267 1446 premi,
279 1397 358 1449 quam
369 1383 391 1432 si
402 1380 475 1432 ferra
485 1383 630 1449 populetur
641 1389 668 1433 et
679 1385 742 1450 igni.
836 1384 886 1433 445

91 1453 229 1504 Concessa
240 1452 324 1517 pudet
335 1452 374 1501 ire
385 1453 437 1514 ria,
450 1452 590 1519 ciremque
601 1453 694 1503 videri.

88 1522 168 1570 'surio
178 1520 258 1570 urbes
270 1520 344 1571 Latii
357 1521 464 1583 dubiae,
475 1522 605 1589 varioque
616 1520 711 1574 favore

87 1590 234 1656 Ancipites,
247 1606 409 1656 quamquam
423 1593 509 1657 primo
521 1596 627 1642 terrore
639 1595 742 1643 ruentis

88 1661 219 1710 Cessurae
229 1659 301 1721 belli,
312 1660 397 1710 denso
408 1667 499 1710 tamen
511 1676 610 1728 aggere
622 1663 731 1712 firmant

86 1728 206 1791 Moenia,
218 1734 246 1778 et
256 1728 371 1795 abrupto
384 1729 554 1780 circumdant
562 1731 679 1798 undique
691 1732 773 1781 vallo:
833 1731 885 1780 450

88 1796 276 1863 Saxorumque
287 1798 376 1860 orbes,
389 1805 417 1848 et
428 1813 498 1865 quae
510 1801 697 1864 snpereminus
709 1797 815 1850 bostem

87 1867 157 1917 Tela
169 1872 272 1932 petant,
284 1867 346 1917 altis
357 1882 497 1917 murorum
507 1867 627 1918 turribus
638 1874 742 1934 aptant.

86 1936 205 1986 Pronior
215 1935 242 1984 in
253 1936 383 2001 Magnum
394 1935 519 2002 populus,
531 1941 687 2004 pugnatque
699 1936 798 1987 minaci

88 2006 156 2056 Cum
167 2010 273 2053 terrore
286 2004 365 2053 fides:
386 2011 416 2053 ut
428 2020 490 2053 cum
501 2019 576 2055 mare
587 2005 710 2072 possidet
719 2007 817 2056 Auster

86 2068 450 2131 Flatibushor·risonis‚hunc
463 2087 583 2138 aequora
592 2080 653 2124 tota
663 2081 824 2141 sequuntur:
836 2074 887 2123 455

88 2140 116 2192 Si
129 2157 222 2191 rursus
233 2139 321 2200 tellus,
333 2139 410 2206 pulsu
420 2140 513 2190 laxata
524 2142 648 2192 tridentis
716 2154 720 2159 ·

85 2210 182 2272 Aeolii,
195 2209 305 2260 tumidis
316 2209 436 2258 inmittat
447 2207 572 2260 fluctibus
582 2212 694 2270 Eurum,

88 2279 218 2341 Quamvis
228 2280 285 2328 icta
296 2293 377 2337 nevo,
388 2283 497 2326 rentum
507 2283 618 2329 tenuere
630 2279 749 2343 priorem

87 2352 223 2415 Aequora,
236 2346 415 2413 nubiferoque
428 2345 506 2412 polus
518 2362 599 2413 quum
611 2349 724 2398 cesserit
735 2350 819 2411 Euro,

90 2418 217 2469 Vindicat
228 2417 300 2467 undu
310 2415 420 2467 Notum.
436 2413 536 2480 Facilis
547 2416 594 2465 sed
608 2422 712 2468 vertere
722 2424 826 2469 mentes
837 2418 887 2469 tor,

89 2489 193 2536 'l'error
204 2492 271 2547 erat,
284 2484 447 2552 dubiumque
458 2483 539 2534 fidem
551 2483 662 2535 fortuna
672 2484 785 2538 ferebat.

90 2556 165 2606 Gens
176 2556 322 2617 lletrusca,
334 2553 400 2621 fuga
411 2553 511 2618 trepidi
522 2554 625 2605 nudata
634 2554 756 2617 Libonis,

87 2626 188 2690 lnsqne
198 2626 238 2673 sui
251 2624 328 2690 pulso
337 2625 392 2673 iam
404 2622 522 2689 perdidit
532 2624 644 2674 Umbria
654 2623 783 2677 Thermo.

87 2693 145 2744 Nec
157 2694 228 2762 gerit
239 2694 366 2759 auspiciis
379 2692 468 2742 civilia
477 2692 549 2742 bella
560 2695 680 2757 paternis
