1956 3106
145 195 196 247 136
321 195 359 243 Μ.
395 191 495 243 ΑΝΝ.
532 190 711 243 [tuctur

144 314 184 366 Et
198 311 286 363 Olaos
296 312 448 364 innumeros
459 311 565 362 auidum
577 310 741 377 confundere
753 310 886 362 retundere

68 428 71 433 .
145 384 187 436 Et
198 392 288 434 rector
301 391 399 440 terrae,
411 396 486 446 quem
497 382 579 446 longo
591 379 620 430 e'n
632 383 738 430 saecula
752 389 861 446 torquet

146 452 222 502 Mors
233 452 320 502 dilata
332 451 422 500 deum:
445 449 514 516 Styx
526 458 560 509 et,
573 464 637 514 quor
649 451 723 499 nulla
738 459 859 501 erueretur
879 472 882 478 ·

150 520 283 574 Thessalis
294 518 415 586 Elysios.-
435 520 544 571 eoelum.
555 527 721 583 reintremque
730 533 828 584 perora

85 594 138 642 100
150 588 326 656 Persephone,
340 596 498 654 nostraeque
509 585 625 638 Hecates
635 602 702 653 part
712 587 817 652 adanon,
832 605 890 655 per

620 671 700 722 quam

148 727 273 779 Manibus
282 733 309 776 et
320 723 385 775 nulli
395 732 458 775 soret
469 723 570 775 tacitae
580 725 739 778 eorrenreraia
756 725 885 795 linguae:

147 797 255 849 Ianitor
267 803 292 845 et
304 793 372 845 sedis
383 795 471 854 laxae,
481 792 527 858 qai
540 793 642 844 uiscera
653 811 731 846 saera

150 865 264 933 Spargis
275 872 369 915 nostra
381 862 456 913 cani:
478 862 703 932 repetitoquefila
715 879 819 915 sorores

152 935 318 986 Tracturae:
339 942 419 997 tuque
430 929 603 998 aflagronte's
615 932 735 998 portitor
747 934 835 985 undae

86 1007 137 1058 105
150 1005 209 1056 lam
220 1005 318 1054 lassate
330 1017 409 1052 senex
420 1000 457 1050 ad
466 1016 506 1049 me
517 1001 690 1052 redeuntibus
701 1003 820 1053 unrlrir:

146 1072 289 1125 Exaudite
299 1087 399 1138 precer,
411 1069 434 1118 se'
445 1085 490 1119 aas
503 1069 572 1119 satis
582 1087 627 1120 ore
638 1071 756 1141 nefando

146 1142 305 1207 Pollutoque
315 1156 387 1200 uoco,
399 1138 422 1188 si
431 1155 573 1204 numquam
584 1137 649 1189 haec
659 1140 873 1211 carneinafllris

147 1211 282 1263 Humanis
292 1209 383 1260 ieiuna
396 1224 471 1269 cano,
484 1208 507 1258 αι’
513 1217 626 1273 pectora
638 1210 716 1274 plena

149 1281 234 1347 Saepe
246 1279 314 1339 dedi,
326 1288 352 1329 et
360 1277 415 1329 lavi
425 1276 513 1327 calido
520 1287 647 1342 prosecta
662 1279 786 1330 cerebro.-

85 1352 137 1403 110
150 1350 180 1400 Si
192 1349 260 1414 quio,
271 1364 350 1414 quum
365 1345 461 1398 nestris
476 1356 559 1412 caput
574 1357 690 1411 extaque
701 1349 831 1410 landbert,
843 1351 884 1401 in·

635 1432 692 1479 aero,

148 1486 275 1553 imposui,
286 1485 407 1536 uicturus
419 1493 494 1534 erat:
508 1416 746 1551 pareteqsrecanti.

148 1558 207 1609 Non
218 1557 247 1607 in
263 1554 397 1605 Tartareo
409 1552 564 1603 latitantem
575 1555 708 1619 poscimus
717 1565 808 1619 antro,

147 1626 344 1688 Adsuetamque
355 1623 401 1672 diu
413 1622 537 1682 tenebris,
549 1625 624 1673 neoda
634 1626 805 1696 leecesagota

146 1693 356 1746 Descendentem
368 1691 499 1742 animaru:
515 1691 604 1758 primo
612 1694 743 1759 pallentis
753 1694 833 1747 lintre

86 1765 136 1815 115
150 1764 254 1814 Haeret
265 1759 352 1810 natac
364 1759 441 1812 Orci.
468 1759 547 1812 Licet
560 1760 607 1811 tas
624 1764 754 1815 enarudr'at
767 1764 864 1816 herlae

147 1833 190 1883 Ad
201 1847 292 1883 manes
302 1839 417 1881 venturo
427 1833 513 1880 serreel.
540 1829 724 1884 Dracisome'na
737 1844 800 1886 nato

147 1900 313 1966 Pompeiana
325 1908 409 1950 canat
418 1899 505 1950 nostri
515 1901 590 1951 modo
600 1901 696 1954 militis
705 1904 809 1967 aratro,

148 1971 179 2022 st
190 1971 293 2021 beneda
304 1968 376 2018 eolis
387 1967 477 2018 ciuilia
490 1968 557 2020 lello
568 1981 714 2024 merentur.

199 2039 277 2090 Haec
287 2037 397 2088 ubifata
408 2043 491 2103 caput
499 2041 705 2108 spumantiaque
717 2043 876 2092 oralerasir

87 2112 138 2160 120
149 2109 273 2175 Adspicit
283 2105 428 2158 adstanten
441 2108 554 2174 proiecti
566 2113 689 2176 corporis
698 2111 831 2172 umbram,

149 2180 295 2230 Exanimes
305 2183 389 2240 artus,
399 2177 539 2243 invisaque
551 2178 670 2229 claustra
680 2181 820 2231 timentem

149 2248 273 2299 Carceris
285 2247 397 2313 antiqui.
426 2247 512 2296 Pavet
521 2247 562 2298 ire
575 2248 603 2298 in
614 2254 711 2313 pectus
724 2256 858 2316 apertum,

148 2318 325 2384 Visceraque,
339 2322 367 2366 et
377 2321 472 2381 ruptas
481 2315 559 2367 letali
568 2316 678 2369 vulnere
690 2319 781 2369 fibros.

147 2385 189 2438 Ah
197 2387 289 2448 miser,
301 2393 452 2437 extremum
463 2385 507 2435 eui
518 2387 613 2437 mortis
623 2402 720 2437 munus
729 2389 766 2437 ini
785 2402 821 2438 ue
931 2386 940 2445 ⁸,

86 2455 138 2506 ¹125
150 2456 281 2523 Eripitur,
293 2470 346 2505 non
356 2468 438 2520 posse
450 2455 527 2504 mori.
551 2455 669 2506 Miratur
678 2404 813 2507 Ericht‘iw

148 2526 207 2575 Has
217 2525 282 2577 fatis
294 2525 402 2574 licuisse
412 2537 513 2585 moras,
525 2523 650 2592 irataque
659 2527 742 2575 morti

147 2594 284 2646 Verberat
292 2594 434 2642 immotum
443 2592 505 2642 viro
517 2599 643 2660 serpente
654 2594 785 2645 cadaver:

146 2663 254 2731 Perque
265 2667 457 2723 carnotenae,
469 2663 601 2781 quaseqtt
612 2663 741 2725 carmine,
754 2666 842 2715 ninias
904 2709 910 2721 ,
929 2654 939 2675 ”

85 2784 89 2799 ,
147 2731 273 2784 Manibus
282 2728 394 2793 illustrat,
404 2730 534 2798 regnique
545 2731 567 2782 si
579 2731 653 2783 entia
662 2731 749 2799 rapite
