1956 3106
193 237 480 296 rrr'sasserr.
519 245 645 293 111111.
770 243 786 294 5

57 367 184 419 Parthica
195 367 331 414 Romanos
342 364 480 413 solverunt
491 362 590 410 damna
601 361 714 413 furores.

27 438 31 447 '
55 437 118 486 Plus
128 436 175 485 illa
185 435 261 484 vobis
274 435 341 492 acie,
353 446 432 497 quarn
445 431 563 489 creditis,
576 436 665 478 actum
676 439 726 492 est,

55 504 213 555 Arsacidae:
225 503 326 551 bellum
338 501 415 549 victis
427 500 504 549 civile
514 499 635 548 dedistis.

55 573 191 622 Dividitur
201 569 276 620 ferro
288 585 412 634 regnum:
423 568 569 634 populique
581 569 710 632 potentis,

57 643 132 701 Quae
150 654 239 700 mare,
262 653 330 704 quae
349 644 449 699 terras,
471 651 540 703 quae
560 643 648 686 totum
665 638 786 686 continet

526 706 628 767 orbem,
798 708 847 755 llll

55 778 115 828 Non
127 777 199 841 cepit
210 775 320 825 fortuna
331 776 407 825 duos.
445 775 514 825 Nam
525 776 639 841 pignora
648 776 734 824 iuncti

56 845 198 912 Sanguinis
210 854 238 894 et
248 846 306 894 diro
318 844 416 894 ferales
429 845 517 894 omine
529 844 606 893 tedas

55 915 169 964 Abstulit
181 914 327 974 admones,
339 914 496 971 Parcarum,
509 913 583 972 lulia,
595 927 676 962 saeva

55 985 210 1048 Intercepta
221 998 309 1031 uranu.
346 982 449 1042 Quodsi
460 982 508 1031 tibi
520 980 579 1030 fata
589 981 726 1031 dedissent

54 1053 174 1102 Maiores
182 1053 209 1100 in
221 1051 280 1100 luce
292 1066 390 1111 moras,
402 1057 431 1099 tu
444 1051 502 1101 sola
513 1049 634 1099 furentes
800 1048 849 1099 115

54 1121 120 1170 lnde
133 1121 219 1169 virum
230 1125 341 1184 poteras
353 1127 433 1184 atque
446 1117 631 1166 bincretiuere
642 1122 789 1180 parentem,

55 1192 233 1254 Armatasque
242 1203 337 1236 manus
350 1201 464 1235 excusso
476 1187 588 1249 iungere
600 1184 682 1245 ferro,

57 1259 92 1307 Ut
103 1272 218 1322 generos
229 1255 334 1302 mediae
347 1255 449 1301 soceris
460 1254 572 1301 iunxere
584 1250 707 1300 Sabinae.

56 1327 149 1375 Morte
161 1329 210 1370 tua
221 1321 342 1369 discussa
355 1320 430 1380 tides,
442 1319 594 1385 bellumque
606 1336 715 1371 movere

57 1391 222 1441 Permissum
235 1389 355 1437 ducibus.
372 1387 789 1442 Stimulosdeditaemulavirtus.
801 1391 851 1440 121)

58 1461 101 1509 Tu
113 1474 183 1507 nova
194 1474 227 1508 rre
238 1465 344 1507 veteres
357 1457 503 1507 obscurent
515 1457 589 1508 sacta
599 1458 758 1525 triumphos,

56 1530 93 1579 Et
103 1529 182 1577 rictis
194 1526 274 1576 cedat
285 1529 399 1592 piratica
409 1527 502 1576 laurea
516 1527 609 1590 Gallis,

55 1598 164 1663 Magne,
177 1598 268 1645 times:
280 1597 370 1646 teiam
383 1598 466 1646 series
477 1613 594 1664 ususque
605 1598 726 1647 laborum

54 1667 150 1732 Erigit,
161 1667 356 1732 impatiensque
364 1666 416 1714 loci
429 1665 539 1714 fortuna
549 1667 668 1716 secundi.

54 1734 111 1785 Nec
132 1749 291 1800 quemquam
310 1736 363 1783 iam
386 1734 457 1783 serre
478 1742 570 1799 potest
592 1737 725 1785 Caesarve

527 1806 643 1869 priorem
799 1801 849 1851 125

54 1874 234 1936 Pompeiusve
248 1887 348 1936 parem.
387 1872 452 1931 orris
464 1874 560 1921 iustius
571 1872 658 1923 induit
669 1889 752 1932 artua,

54 1939 131 1991 Scire
141 1939 230 1988 nefas:
241 1956 340 2004 magno
350 1938 380 1988 se
389 1941 478 1990 iudice
491 1943 602 2007 quisque
614 1948 719 1991 tuetur:

53 2009 160 2060 Victrix
173 2022 256 2055 causa
266 2007 323 2056 deis
336 2008 445 2070 placuit,
456 2010 503 2058 sed
514 2013 586 2059 ricta
597 2012 702 2060 Catoni.

54 2077 111 2130 Nec
123 2078 214 2126 coiere
226 2089 317 2139 pares:
331 2075 407 2134 alter,
418 2080 592 2142 vergentibus
605 2081 680 2128 aunis

55 2147 83 2196 ln
95 2146 197 2194 senium
210 2144 346 2209 longoque
356 2148 438 2208 togae
447 2147 616 2211 tranquillior
626 2163 685 2206 usu,
800 2146 849 2196 130

56 2214 192 2263 Dedidicit
202 2214 256 2261 iam
269 2227 336 2277 pace
349 2210 458 2272 ducenr;
471 2212 613 2279 sarisaeque
625 2215 734 2279 petitor,

55 2282 142 2331 truita
152 2282 218 2331 darc
227 2283 254 2330 iu
267 2281 376 2346 vulgus3
389 2286 463 2330 totus
476 2283 649 2345 popularibus
661 2283 731 2331 auris

57 2351 167 2415 lmpelli,
179 2351 328 2416 plausuque
339 2351 380 2399 sui
392 2349 511 2416 gaudere
523 2349 635 2400 tlreatri:

56 2419 113 2469 Nec
126 2434 252 2484 reparare
264 2433 347 2468 noras
359 2420 615 2487 vires,multu1uque
627 2422 710 2485 priori

54 2488 171 2538 Credere
183 2488 318 2538 fortunae.
354 2486 415 2537 Stat
426 2491 516 2554 magni
527 2492 640 2540 norrrinis
652 2491 759 2542 umbra:
796 2491 846 2542 135

55 2556 148 2617 Qualis
159 2555 289 2622 frugifero
302 2572 417 2623 quercus
427 2558 548 2608 sublimis
559 2560 584 2608 in
597 2575 661 2627 agro

55 2626 172 2675 Exuvias
184 2632 290 2675 veteres
301 2626 391 2691 populi
403 2635 566 2693 sacrataque
577 2635 686 2695 gestans

53 2693 134 2743 Dona
145 2694 253 2742 ducum:
266 2709 316 2744 nec
326 2697 380 2745 iam
392 2696 487 2746 validis
498 2696 634 2747 radicibus
647 2696 772 2758 haerens,

53 2761 176 2814 Pondere
188 2763 242 2811 lixa
252 2777 301 2813 suo
314 2770 367 2814 cst:
379 2765 518 2833 nudosque
531 2782 578 2831 per
590 2782 654 2816 acra
664 2781 755 2815 ramos
