1956 3106
208 167 497 218 curassem.
533 167 623 218 aru.
650 138 704 219 rr.
789 163 822 216 ss

87 288 242 340 Comminus
255 287 378 353 obliquis,
390 294 418 336 et
428 289 511 337 rectis
522 288 625 337 eminus
637 284 721 335 hastis

88 357 233 409 Obruitur:
246 372 299 407 non
309 355 472 418 vulneribus,
483 371 535 407 neo
546 357 685 422 sanguine,
699 353 785 404 solum
831 349 887 403 115

90 427 223 476 Telorum
234 425 325 475 nimbo
336 426 465 490 peritura,
477 441 509 476 ac
519 424 640 492 pondere
650 422 723 473 ferri.

90 497 166 562 Ergo
179 496 251 545 acies
261 501 355 544 tantae
366 509 479 559 parvum
491 496 643 561 spissantur
651 493 679 542 in
690 490 798 542 orbem:

90 568 139 626 Ac,
151 565 173 614 si
184 565 242 630 quis
254 570 376 613 metuens
388 564 506 614 medium
518 563 653 630 correpsit
663 562 690 612 in
701 575 807 627 agmen,

92 634 147 686 vix
157 636 266 700 impune
278 648 341 682 suos
351 634 422 682 inter
434 634 601 684 convertitur
611 647 698 682 enses.

91 705 284 768 Densaturque
296 702 401 768 globus,
413 709 541 769 quantum
554 702 623 769 pede
634 702 721 768 prima
731 698 819 748 relato
835 697 890 746 180

93 773 261 825 Constrinxit
271 786 355 838 gyros
367 773 449 822 acies.
477 770 538 821 Non
551 786 626 820 arma
635 768 761 821 movendi
832 813 834 816 ,

93 842 151 892 lam
163 841 239 890 locus
251 847 292 891 est
302 841 414 905 pressis:
434 842 587 909 stipataque
598 839 720 889 membra
728 841 865 889 teruntur:

93 912 239 976 Frangitur
251 916 384 959 armatum
397 909 490 960 colliso
501 917 612 976 pectore
624 915 727 975 pectus.

93 978 155 1030 Non
167 985 222 1029 tam
232 978 306 1028 laeta
316 978 378 1027 tulit
387 981 475 1044 victor
486 978 643 1046 spectacula
653 979 774 1036 Maurus,
933 1036 935 1039 v

96 1050 184 1109 Quam
194 1046 305 1098 fortuna
315 1047 409 1096 dabat:
421 1047 516 1098 fluvios
529 1064 582 1098 non
593 1047 637 1096 ille
651 1046 762 1106 cruoris,
837 1040 889 1091 185

94 1117 333 1183 Membrorumque
344 1116 419 1167 videt
428 1117 543 1183 lapsum,
555 1124 583 1167 et
592 1115 719 1165 ferientia
730 1118 831 1162 terram

58 1187 60 1191 ’
97 1189 233 1252 Corpora:
246 1201 430 1251 compressum
442 1185 523 1235 turba
533 1187 610 1236 stetit
622 1199 701 1233 omne
712 1182 837 1231 cadaver.

148 1256 258 1303 Excitet
267 1255 366 1303 invisas
378 1255 453 1306 dirae
466 1253 636 1321 Carthaginis
645 1251 754 1322 umbras

96 1322 203 1374 Inferiis
216 1321 326 1372 fortuna
336 1325 426 1373 novis:
439 1323 511 1374 ferat
519 1325 573 1374 ista
585 1328 711 1373 cruentus
797 1337 798 1340 ¹

96 1391 235 1442 Hannibal
247 1397 274 1441 et
285 1391 370 1449 Poeni
380 1398 436 1442 tam
448 1393 507 1443 dira
517 1392 625 1460 piacula
636 1405 738 1441 manes.
840 1386 896 1436 190

98 1463 257 1522 Ronlanam,
269 1462 368 1526 superi,
380 1462 487 1528 Libyca
497 1463 592 1514 tellure
603 1463 710 1516 ruinam

96 1532 227 1596 Pompelo
239 1530 368 1597 prodesse
380 1531 465 1594 nefas,
477 1534 601 1600 votisque
612 1540 730 1583 senatus.

96 1599 188 1650 Africa
199 1615 248 1650 nos
259 1600 349 1666 potius
360 1604 452 1653 vincat
463 1602 521 1654 sibi.
559 1601 639 1654 Curio
652 1602 727 1654 fusas

97 1671 132 1721 Ut
143 1669 210 1720 vidit
221 1671 323 1735 eampis
334 1672 415 1735 acics,
430 1678 457 1723 et
470 1687 581 1723 cernere
591 1678 681 1723 tantas

97 1739 224 1789 Permisit
235 1739 325 1789 clades
338 1756 509 1807 compressus
519 1743 649 1808 sanguine
661 1743 755 1807 pulvis,
841 1741 897 1792 195

96 1807 157 1858 Non
170 1808 230 1857 tulit
239 1806 355 1859 adflictis
367 1812 484 1861 animam
497 1811 648 1877 producere
659 1810 749 1872 rebus,

96 1879 150 1928 Aut
161 1891 271 1942 sperare
284 1875 389 1944 lugam:
402 1880 554 1946 ceciditque
565 1879 593 1928 in
604 1885 695 1948 strage
707 1895 817 1931 suorum

96 1947 216 2026 lmpigpr
226 1945 260 1994 ad
271 1945 364 2008 letum,
376 1954 403 1997 et
412 1947 492 1998 fortis
502 1949 602 1999 virtute
614 1955 719 1999 coacta.

151 2013 221 2074 Qud
232 2029 303 2062 nunc
313 2021 404 2065 rostra
413 2016 461 2065 tibi
473 2023 587 2082 prosunt
596 2018 721 2080 turbata,
732 2018 833 2068 lorum·

592 2103 635 2148 ue,
747 2096 750 2103 “

99 2154 174 2204 Unde
188 2151 332 2204 tribunicia
343 2151 463 2218 plebeius
475 2102 591 2220 signiled
598 2170 661 2205 arce
844 2154 897 2204 800

98 2225 181 2272 Arma
191 2222 276 2273 dabas
288 2219 414 2287 populisl
434 2221 497 2287 quid
510 2223 618 2288 prodita
626 2225 687 2273 iura
697 2230 816 2286 senatus,

98 2293 135 2343 Et
146 2307 230 2360 gener
243 2298 325 2359 atque
336 2305 416 2342 socer
424 2289 496 2340 bello
509 2307 671 2342 concurrere
682 2291 765 2344 iussit
835 2334 841 2353 ,

97 2363 166 2411 Ante
178 2362 262 2423 iaces,
276 2375 356 2427 quam
367 2359 426 2411 dira
437 2360 520 2411 duces
532 2358 673 2412 Pharsalia
685 2360 800 2424 confert,

102 2431 341 2497 Spectandumque
350 2430 398 2481 tibi
408 2429 509 2480 bellum
521 2431 598 2482 civile
611 2438 740 2500 negatum
751 2439 800 2482 est.

102 2501 161 2549 llas
173 2499 232 2549 urbi
244 2501 358 2550 miserae
369 2506 462 2551 vestro
474 2498 508 2549 de
520 2500 650 2568 sanguine
660 2516 762 2568 poenas
845 2500 901 2551 805

100 2568 206 2633 Nempe
218 2568 301 2619 datis:
313 2569 387 2621 luitis
396 2569 490 2636 iugulo
502 2569 542 2620 sic
552 2586 636 2632 arma,
648 2569 791 2638 potentes?

100 2638 179 2690 Felix
188 2637 275 2687 Roma
286 2639 401 2704 quidem,
414 2640 540 2706 civesque
552 2636 678 2691 habitura
686 2641 791 2703 beatos,

49 2742 52 2749 -
100 2705 130 2758 Si
140 2707 274 2758 libertatis
285 2710 390 2770 superis
400 2715 457 2759 tam
469 2724 535 2761 cura
544 2708 676 2773 placeret,
