1950 3218
208 132 493 184 PHARSdle.
529 134 617 184 LlB.
643 136 712 187 vll.
777 135 827 188 165

89 253 188 315 Induit,
202 258 249 303 aut
260 252 351 319 plures
363 257 520 317 presserunt
531 266 596 302 aera
607 269 720 319 pennae,
835 255 884 306 835

92 324 177 372 Omne
189 337 284 372 nemus
295 322 368 371 misit
377 320 510 382 volucres,
523 322 662 387 omnisque
674 329 787 374 cruenta

90 392 160 442 Alite
170 391 325 457 sanguineis
337 389 448 440 stillavit
459 387 567 439 roribus
577 387 666 439 arbor,

92 458 180 526 Saepe
191 474 273 525 super
283 458 373 508 vultus
384 459 504 519 victoris,
518 463 546 508 et
555 458 640 524 impia
650 459 727 526 signa

90 531 144 580 Aut
155 542 245 590 cruor,
258 535 306 577 aut
317 526 372 577 alto
384 525 497 576 defluxit
508 526 542 577 ab
556 524 668 578 aethere
679 528 766 590 tabes,

90 596 269 664 Membraque
281 596 389 658 deiecit,
400 597 455 646 iam
465 595 544 647 lassis
554 595 697 664 unguibus,
709 596 773 647 ales.
837 598 888 647 840

92 665 137 716 Sic
148 680 255 734 quoque
268 681 322 716 non
334 666 421 716 omnis
432 665 549 731 populus
560 667 683 731 pervenit
694 665 728 715 ad
741 682 812 728 ossa,

84 737 175 803 'Inque
186 735 259 785 feras
272 735 424 801 discerptus
436 734 505 784 abit:
524 750 578 785 uon
588 736 685 786 intima
696 741 792 785 curant

90 804 215 866 Viscera,
226 818 278 853 nec
289 809 363 855 totas
375 803 470 854 aridae
483 803 595 856 sorbere
604 804 751 855 medullas:

89 872 249 940 Degustant
257 879 340 923 artus.
369 873 469 922 Latiae
479 887 542 937 pars
553 875 672 924 maxima
682 874 779 924 turbae

89 943 225 993 Fastidita
235 943 321 992 iacet:
342 957 423 1009 quam
434 941 476 992 sol
486 941 621 1010 nimbique
633 943 744 1011 diesque
837 941 887 992 845

88 1011 214 1080 Longior
223 1009 360 1077 Emathiis
369 1010 518 1062 resolutam
529 1011 637 1062 miscuit
647 1013 727 1062 arvis.

142 1078 287 1131 Thessalia
296 1079 392 1130 infelix
402 1094 455 1146 quo
466 1083 544 1128 tanto
556 1080 666 1129 crimine
678 1079 757 1130 tellus

88 1149 211 1200 Laesisti
222 1163 345 1214 superos,
357 1154 425 1198 utto
437 1152 481 1198 tot
489 1146 624 1197 mortibus
634 1162 725 1209 unam,

91 1222 148 1268 Tot
170 1216 302 1267 scelerum
324 1216 389 1267 fatis
409 1213 582 1283 premerent?
612 1216 692 1276 Quod
712 1217 813 1268 suflicit

566 1300 671 1348 aevum,

89 1355 238 1404 immemor
248 1357 279 1402 ut
288 1352 372 1403 donet
382 1352 447 1403 belli
455 1352 505 1402 tibi
517 1352 617 1403 damna
627 1351 768 1404 vetustas?
837 1354 888 1406 850

92 1423 169 1483 Quae
181 1436 260 1489 seges
269 1420 373 1472 infecta
382 1428 477 1490 surget
486 1437 540 1472 non
552 1422 664 1474 decolor
674 1420 775 1472 borbel

91 1493 152 1553 Quo
164 1506 218 1540 non
230 1491 368 1542 Romanos
378 1490 492 1542 violabis
502 1505 612 1544 vomere
623 1489 735 1543 manesi

88 1565 158 1612 Ante
169 1576 257 1610 novae
268 1561 379 1612 venient
390 1561 473 1622 acies,
485 1561 636 1630 scelerique
646 1561 766 1614 secundo

89 1629 383 1691 Praestabis‚nondum
394 1632 483 1682 siccos
495 1629 548 1682 hoc
559 1633 699 1700 sanguine,
707 1646 827 1699 campos.

91 1700 189 1750 Omnia
200 1700 334 1750 maiorum
345 1707 484 1752 vertamus
494 1701 576 1752 busta
585 1701 687 1764 licebit,
837 1702 888 1752 855

88 1770 127 1819 Et
137 1774 241 1819 stantes
254 1769 381 1831 tumulos,
394 1776 423 1819 et
433 1771 478 1836 qui
489 1769 581 1821 radice
592 1776 701 1821 vetusta

89 1838 220 1889 Effudere
231 1854 303 1899 suas,
313 1839 393 1888 victis
405 1838 590 1904 compagibus,
602 1855 697 1889 urnas:

90 1907 155 1957 Plus
168 1908 287 1958 cinerum
299 1907 470 1957 Haemoniae
483 1904 564 1957 sulcis
575 1905 679 1957 telluris
691 1912 793 1968 aratur,

89 1977 227 2044 Pluraque
238 1975 363 2026 ruricolis
375 1974 510 2025 feriuntur
520 1975 646 2026 dentibus
658 1990 729 2026 osso.

90 2044 185 2096 Nullus
197 2046 230 2095 ab
242 2042 370 2094 Emathio
381 2043 526 2111 religasset
536 2043 616 2094 litore
625 2044 717 2094 funem
838 2043 889 2094 868

90 2114 198 2176 Navita,
211 2130 262 2165 nec
272 2119 374 2163 terram
386 2113 528 2180 quisquam
539 2114 670 2163 movisset
682 2116 784 2173 arator,

90 2185 205 2234 Romani
215 2183 325 2233 bustum
337 2180 443 2247 populi:
462 2179 642 2247 fugerentque
654 2180 744 2230 coloni

93 2253 252 2304 Umbrarum
265 2266 384 2317 campos,
395 2249 523 2317 gregibus
536 2249 647 2315 dumeta
659 2260 795 2301 carerent:

91 2323 239 2389 Nullusque
251 2321 365 2371 auderet
375 2320 470 2387 pecori
481 2319 639 2385 permittere
649 2324 746 2385 pastor

91 2392 201 2443 Vellere
211 2396 368 2459 surgentem
379 2389 412 2439 de
423 2389 523 2439 nostris
536 2389 642 2439 ossibus
652 2387 777 2439 herbam:
836 2389 887 2442 865

91 2463 137 2523 Ac,
149 2461 224 2511 velut
232 2461 377 2526 impatiens
389 2456 537 2521 hominum,
548 2458 591 2510 rel
601 2457 666 2508 solis
675 2458 760 2525 iniqui

90 2530 201 2592 Limite,
212 2530 255 2580 vel
267 2529 364 2596 glacie,
375 2527 447 2577 nuda
455 2533 541 2594 ‚atque
550 2528 646 2596 ignota
654 2528 768 2591 iaceres,

92 2598 120 2649 Si
130 2615 183 2649 non
196 2600 284 2665 prima
294 2596 371 2648 nefas
381 2597 454 2658 belli,
466 2597 514 2648 sed
526 2597 584 2647 sola
596 2596 711 2648 tulisses.

93 2669 116 2718 0
126 2670 225 2735 superi,
237 2669 318 2719 liceat
329 2673 417 2718 terras
429 2665 518 2718 odisse
529 2673 668 2718 nocentes.
