1950 3218
157 171 207 221 232
329 170 367 221 M.
404 167 509 219 ANN.
544 166 724 219 Loci—tut

94 289 146 340 Ι185
160 288 214 339 Sed
223 298 314 341 tamen
325 299 352 340 et
362 288 445 339 restri
452 307 460 338 .-
479 286 569 338 suedia
581 287 654 339 inter
659 286 766 353 proelia
777 304 888 357 semper·

158 358 306 410 Stellarum
315 359 432 425 coelique
439 356 532 425 plagis
543 357 696 423 superisque
705 358 811 421 vacari,

157 428 212 479 Nec
223 444 295 479 meus
306 426 416 479 Eudoxi
426 428 549 477 uincetur
559 425 687 477 Fastibus
698 444 793 480 anates.

158 497 211 547 Sed
221 515 280 549 curn
292 506 372 549 tanta
384 514 439 548 meo
451 495 525 547 vivat
536 495 582 546 sub
589 505 699 562 pectore
710 495 806 560 virtus,

160 565 264 620 Tantus
276 583 350 617 arrror
361 566 426 626 aeri,
438 564 506 616 nileil
517 574 556 615 est
567 566 638 631 quod
646 582 753 617 noscere
763 566 869 629 usaiim,

95 634 146 687 190
159 634 244 699 Quane
250 635 335 704 fluuii
346 651 455 687 caussas
461 651 513 700 per
523 636 631 685 saecula
644 642 722 685 tanta
734 637 857 698 tacentes,

155 707 333 771 ignotumque
344 713 439 773 caput:
459 720 517 770 spes
529 703 565 754 sit
575 701 641 754 arilei
652 713 728 755 certa
737 705 845 758 videndi

155 774 275 825 Niliacos
281 776 395 843 sontes,·
412 773 509 823 trellum
522 772 600 824 civile
611 772 769 837 relinquam.

153 844 283 903 Finierat,
295 848 445 909 contraque
458 857 537 892 socer
548 842 587 891 sio
599 856 676 891 tarsus
687 841 842 896 Achoreus:

204 911 262 962 Fas
272 910 346 971 resilui,
353 909 899 978 creagreorcerrs,0aesar,secretapareutuur

92 982 142 1032 1195
155 980 284 1042 Prodere,
295 981 332 1032 ad
340 980 389 1030 leoc
399 980 458 1030 aeui
465 980 573 1046 populis
585 978 681 1047 ignota
690 982 829 1053 profanis.

154 1051 197 1101 Sit
206 1050 297 1117 pietas
309 1050 380 1110 aliis,
392 1050 523 1101 miraculo
536 1057 615 1099 torota
626 1048 718 1101 silere:
866 1048 869 1053 '

151 1122 201 1172 Ast
214 1138 262 1187 ego
272 1119 405 1172 coelicolis
414 1127 527 1187 gentum
539 1135 609 1178 reor,
619 1117 660 1169 ire
667 1135 718 1185 per
730 1136 820 1172 onmes

152 1190 211 1240 Hoc
221 1206 295 1256 opus,
306 1199 331 1240 et
345 1205 437 1241 sacras
446 1188 553 1254 populis
564 1197 697 1239 notescere
708 1190 788 1256 deges.

152 1260 296 1319 Sideribus,
308 1275 375 1325 quae
388 1258 551 1328 solafugam
563 1258 736 1308 eruderantur
754 1257 873 1327 thrnpi,

88 1330 138 1379 200
153 1329 360 1395 Occurruntque
368 1330 438 1394 polo,
451 1328 557 1378 diuersa
566 1326 690 1392 potentia
699 1326 791 1392 prima

148 1398 246 1449 Mundi
258 1401 317 1466 tege
329 1400 395 1448 desta
408 1408 455 1448 est.
476 1398 523 1448 Sol
534 1408 654 1462 tempora
667 1395 763 1447 dividit
774 1399 852 1463 anni,

147 1467 242 1518 Mutat
253 1478 329 1519 nocte
341 1468 419 1527 diem,
430 1465 566 1533 radiisque
574 1465 732 1532 potentibus
742 1476 822 1518 astra

146 1536 191 1586 Ire
203 1546 287 1596 aetat,
298 1551 443 1599 cursusque
454 1551 536 1599 vagos
551 1535 668 1586 statione
677 1544 808 1587 recuratur.

145 1604 225 1655 Luna
237 1604 292 1654 suis
302 1603 402 1654 uicibus
418 1602 521 1670 Totis-qn
532 1614 692 1669 terrenaque
703 1605 802 1656 miscet.

84 1673 134 1723 205
145 1672 263 1737 Frigida
274 1673 395 1724 Saturno
402 1672 506 1740 glacies
519 1683 544 1724 et
556 1690 620 1725 zona
632 1674 729 1725 crinalis

146 1736 241 1793 Cessit.
260 1740 350 1792 Habet
357 1751 448 1793 ventos
459 1741 617 1807 incertaque
623 1743 746 1813 sulsnina
753 1742 876 1797 Mauors.
941 1784 948 1793 .

144 1811 199 1864 Sub
213 1811 273 1862 lore
286 1811 426 1876 temperies
437 1822 462 1863 et
473 1829 617 1879 reternqnam
631 1812 753 1864 turbidus
764 1830 822 1865 aer.

142 1881 180 1932 At
186 1881 310 1950 fecunda
328 1880 414 1932 Venus
426 1892 584 1932 cunctarum
595 1883 696 1934 serm'aa
706 1898 796 1934 rerum

143 1950 276 2000 Possidet.
296 1952 442 2002 Immensae
455 1951 590 2019 Cyllenius
601 1951 705 2002 arbiter
716 1954 804 2003 rendae
814 1964 864 2006 est.

82 2022 132 2070 21⁰
144 2018 225 2070 Hanc
238 2017 282 2069 ttbs'
289 2037 357 2086 pars
367 2019 434 2071 coedi
446 2021 542 2081 tenuit,
553 2038 606 2088 qua
617 2020 705 2072 seriata
715 2020 816 2073 Leonis

144 2088 240 2138 Sidera
250 2101 311 2141 sum
325 2088 440 2149 Cancro,
452 2090 563 2142 rabidos
574 2106 626 2154 qua
639 2089 728 2140 Sirius
738 2091 815 2160 ignes

141 2156 253 2217 Euerit,
265 2168 291 2209 et
301 2159 373 2210 carii
382 2168 502 2211 minator
513 2160 630 2211 circulus
641 2158 706 2210 anni

141 2227 299 2295 Aegoceron
312 2227 498 2294 Cancrumque
510 2239 591 2290 tenet,
602 2229 647 2280 cui
655 2228 766 2279 subdita
779 2228 838 2281 Nili

143 2294 201 2347 Ora
215 2298 316 2348 tutent.-
336 2314 404 2364 qaae
411 2314 471 2349 cnm
479 2298 738 2365 dominuspercussit
745 2314 885 2363 aquarum

80 2364 131 2415 215
143 2366 210 2425 tene
221 2366 383 2431 superiecto,
395 2377 459 2419 tanc
470 2367 548 2418 Nidus
554 2364 636 2439 fonte
645 2368 732 2417 soluto

141 2434 222 2496 oleis,
234 2445 266 2486 ut
279 2435 404 2488 Oceanus
415 2437 554 2487 lunarium
565 2435 739 2489 incrementis

139 2503 233 2553 Iussus
243 2506 329 2567 adest,
341 2516 488 2572 auctusque
499 2522 560 2557 soros
570 2525 622 2559 non
634 2514 697 2557 ante
709 2517 845 2571 coarctat,

142 2570 229 2634 Qrcam
240 2590 294 2624 nou
305 2575 421 2625 aestiuas
432 2592 449 2626 a
460 2578 513 2625 sole
524 2577 656 2642 receperit
667 2574 757 2626 doras.

197 2638 350 2710 Fanafides
359 2654 486 2701 ceterum,
499 2644 568 2701 Nilo,
579 2661 630 2708 qno
645 2654 748 2695 crescat
760 2645 789 2697 in
801 2662 882 2711 arva,

78 2713 130 2759 220
143 2708 301 2773 Aethiopum
310 2714 434 2776 prodesse
446 2712 526 2763 nicee.
558 2713 619 2765 Non
631 2714 727 2763 Arctos
738 2714 766 2765 in
777 2714 833 2765 illis
