1956 3106
195 149 480 203 PHARSALIA.
518 152 607 202 LIB.
636 153 719 204 vtll.
772 155 825 206 trs

88 270 210 324 Horruit
221 271 329 331 auditu,
340 286 415 336 quem
428 279 522 335 captos
534 271 628 319 ducere
639 286 715 335 reges

95 339 171 393 Vidit
183 340 216 390 ul
226 339 378 410 qucanis,
391 338 509 403 Indoque
520 355 537 388 n
547 337 627 387 litore
637 374 645 400 ,
655 340 737 400 siluis,

89 409 235 462 Deiectum
240 409 329 477 fatis,
341 406 466 457 humilem
472 407 650 476 fractumque
661 406 769 470 ridebit,

91 479 265 542 Extolletque
278 475 379 526 animos
391 474 503 525 Latium
514 491 625 526 vesanus
636 475 664 526 in
677 476 774 536 orbem,
835 477 885 528 345

93 547 126 598 Sc
138 548 218 597 siruul
225 583 232 605 ,
245 554 272 595 et
281 543 409 604 Romam,
421 545 549 610 Pompeio
559 544 691 610 supplice,
704 546 826 595 mensus?

90 616 138 668 Nil
151 613 262 673 animis,
268 612 394 682 fatisque
405 613 460 662 tuis
471 611 589 679 effabere
601 613 722 680 dignum:

89 683 206 751 Exiget,
218 683 346 749 ignorans
358 681 458 732 Latiae
469 683 628 733 commercia
640 682 761 752 linguae,

92 751 130 802 Ut
141 750 283 818 laclsrqmis
290 766 325 812 se,
332 747 440 818 Magne,
447 766 533 817 roges.
545 749 704 803 Patimurne
711 751 827 818 pudoris
851 800 853 805 .

90 820 153 870 Hoc
163 821 271 880 uulnus,
286 821 372 870 clades
384 830 412 869 ut
427 817 546 870 Partltia
557 820 672 871 uindicet
684 832 747 873 ante
835 819 886 869 350

90 888 249 954 Hesperias,
260 905 339 955 quam
350 887 436 938 Ilouta
446 889 526 938 suns?
545 887 672 940 Civilibus
684 890 766 942 aruris

88 956 183 1024 Elegit
195 968 219 1009 te
230 975 321 1024 rscrnpe
333 958 431 1008 ducem.
454 955 527 1018 Quid
535 960 645 1009 vulnera
655 970 748 1010 nostra

53 1072 57 1078 .
89 1025 124 1078 In
136 1026 274 1095 Scythicos
285 1025 392 1093 spargis
403 1027 526 1092 populos,
537 1028 675 1090 cladesque
686 1028 817 1079 latentes?

94 1094 168 1158 Quid
178 1096 297 1147 Partlsos
309 1094 427 1145 transire
440 1095 537 1143 doces?
556 1095 664 1145 Solatia
677 1097 748 1146 tanti

93 1165 192 1214 Perdit
201 1164 288 1215 Rasna
300 1162 377 1223 rnali,
388 1165 474 1214 nullos
485 1162 627 1212 adorsittcre
638 1180 721 1231 reges,
767 1164 769 1168 ⁴
836 1163 886 1214 355

91 1233 145 1284 Sed
155 1234 208 1283 ciri
220 1234 322 1283 servire
333 1248 387 1281 suo.
416 1231 500 1281 quat
509 1231 549 1284 ire
558 1247 609 1297 per
620 1232 709 1282 orbem

90 1300 240 1351 Ducentem
250 1315 342 1350 sacras
352 1298 475 1351 Romana
487 1299 516 1350 in
527 1300 631 1351 moenia
639 1311 742 1367 genter,

93 1368 230 1434 Signaque
250 1368 283 1418 ab
303 1368 447 1434 Euphrate
472 1386 531 1420 cum
556 1367 660 1420 Crassis
685 1378 767 1438 capta
789 1385 827 1420 se·

564 1441 703 1504 quentem?

95 1502 149 1563 Qui
157 1507 226 1555 solus
238 1522 346 1574 regum,
351 1507 418 1575 fato
430 1509 534 1558 celante
538 1507 674 1577 fauorem,

88 1572 191 1643 Defuit
203 1574 350 1626 Emathiae
360 1613 367 1639 ,
377 1573 448 1628 nine
460 1586 552 1629 tuntas
562 1577 608 1628 ille
619 1582 731 1629 lacesset
836 1576 885 1627 360

88 1641 188 1694 Auditi
197 1643 307 1696 victoris
318 1661 390 1710 opes,
403 1658 451 1699 aut
462 1646 574 1714 iungere
579 1647 648 1717 fata

92 1710 199 1774 Tecum,
207 1712 315 1780 Magne,
326 1716 414 1766 uolet?
427 1716 487 1768 Non
497 1715 676 1785 lraecfiducia
683 1714 765 1785 genti
775 1725 824 1768 est.

89 1779 187 1834 Omnis
198 1781 227 1832 in
238 1783 346 1833 Arctois
354 1787 471 1850 populus
481 1785 639 1851 quicumque
645 1785 755 1852 pruinis

88 1848 236 1909 Nascitur,
247 1850 395 1902 indomitus
406 1852 493 1913 bellis,
506 1863 533 1903 et
551 1854 646 1904 mortis
658 1863 774 1904 amator.

90 1917 232 1985 Quidquid
243 1920 278 1968 ad
286 1918 360 1970 Eoos
371 1930 489 1983 tractus,
500 1922 640 1989 mundique
652 1932 771 1988 teporem
833 1919 883 1970 365

88 1987 224 2050 Labitur,
236 1988 334 2038 emollit
341 1999 437 2057 gentes
449 1991 590 2042 clementia
602 1991 676 2042 coeli.

87 2055 151 2108 Illic
200 2059 277 2108 laxas
288 2065 372 2107 uestes
382 2094 389 2117 ,
400 2057 511 2124 etfluxa
522 2058 642 2111 uirorum

94 2121 251 2178 Velamenta
262 2125 343 2176 rides.
373 2125 495 2177 Pnrtlsas
503 2144 553 2193 per
565 2126 673 2178 Medica
684 2143 760 2189 rura,

90 2193 257 2248 Sarmaticos
268 2195 340 2247 inter
353 2212 471 2263 carrspos,
484 2195 624 2263 effusoque
631 2198 713 2262 plano

92 2263 215 2332 Tigridis
226 2282 293 2317 arua
304 2268 357 2317 solo
368 2265 436 2317 nulli
446 2265 605 2333 superabilis
617 2264 689 2316 lorti
698 2274 738 2316 cst
765 2282 769 2287 ·
833 2263 883 2313 37⁰

89 2331 233 2385 Libertate
238 2335 331 2405 fugae
342 2356 351 2387 .·
362 2335 409 2385 red
416 2353 482 2396 non,
493 2335 538 2386 uli
551 2345 626 2386 terra
637 2333 758 2395 tumebit,

88 2401 194 2469 Aspero
205 2406 362 2459 conscendet
372 2404 471 2455 montis
480 2404 565 2472 rugat
576 2421 623 2456 nec
631 2420 681 2471 per
692 2418 788 2469 opacos

88 2468 167 2523 Bella
177 2483 254 2539 geret
268 2474 387 2525 tenebras
399 2473 503 2525 incerto
515 2473 607 2525 debilis
619 2489 694 2535 arcu,

88 2537 144 2592 Nec
150 2541 269 2611 franget
280 2545 367 2595 nando
378 2541 490 2593 uiolenti
501 2543 612 2594 vorticis
624 2558 735 2602 amnem,

88 2608 144 2660 Nec
155 2618 213 2660 tota
225 2609 353 2678 inpugna
362 2612 493 2682 perfusus
503 2613 633 2680 sanguine
644 2611 760 2662 membra
832 2607 884 2659 375

86 2675 192 2746 Exiget
204 2678 333 2731 aestiuum
345 2681 434 2732 calido
446 2681 491 2732 sul
499 2683 613 2748 pulvere
624 2682 711 2732 solem.

120 2747 299 2799 Lucnuus.
647 2751 677 2800 Μ
