1950 3218
215 123 504 177 PflARsAblA.
540 127 631 177 ΗΒ.
653 125 705 177 ΙΧ.
776 125 829 177 203

87 243 186 295 Tellus
196 240 286 310 Syrtis
297 247 363 296 erit:
382 261 445 297 nam
454 246 509 296 iam
520 245 611 295 brevis
621 244 695 295 unda
704 259 821 311 supernae

89 315 210 374 innatat,
222 320 250 363 et
260 313 315 365 late
328 317 479 380 periturum
490 314 584 365 deficit
595 327 707 430 aerium.

91 383 128 432 Ut
139 382 255 448 primurn
267 385 349 434 remis
360 389 451 433 actum
463 397 537 433 mere
548 397 637 450 propa
648 381 670 431 it
680 395 760 443 unane

92 451 193 502 Classis
204 466 282 515 onus,
293 453 383 503 densis
390 448 825 520 fremuitnigerimbribusllaster
843 450 894 499 32⁰

92 521 123 570 ln
131 535 181 571 sua
193 535 278 587 regna
288 520 394 581 furens:
414 520 694 587 tentatumclassibus
705 533 808 586 aequor

93 589 215 640 Turbine
227 589 359 653 defendit,
371 590 507 658 longeque
519 606 536 641 a
548 589 678 656 Syrtibus
684 587 772 655 undas

93 659 167 726 Egit,
179 666 208 708 et
218 659 294 710 illato
306 656 443 728 confregit
454 660 536 710 litore
547 666 670 726 pontum.

90 729 164 776 'l'um
178 744 291 794 quarum
305 734 382 780 recta
394 727 539 797 deprendit
551 726 667 779 carbasa
677 727 750 778 malo

92 798 201 862 Eripuit
212 800 310 861 nautis,
322 798 477 866 lrustraque
488 797 647 849 rudentibus
658 797 731 849 ausis
846 793 897 843 325

95 866 165 916 Vela
176 867 367 934 negareNatn,
379 869 498 934 spatium
507 867 599 919 vicere
610 867 730 929 carinae,

93 937 181 1002 Atque
192 936 265 988 ultra
277 952 386 1004 proram
398 934 499 1007 tumuit
509 934 592 1003 sinus.
611 935 710 995 Omnia
720 937 745 987 si
756 936 816 1008 quis

94 1005 228 1056 Providus
240 1013 374 1057 antennae
386 1002 490 1059 suffixit
499 1005 586 1061 lintea
595 1018 728 1069 summae,

94 1075 230 1137 Vincitur,
242 1082 270 1124 ct
281 1075 358 1126 nudis
369 1075 503 1133 avertitur
513 1073 699 1124 armamentis.

95 1142 162 1192 Sars
173 1144 271 1194 melior
281 1145 370 1206 classi,
381 1159 451 1211 quae
464 1142 591 1194 fluctibus
601 1142 699 1193 incidit
708 1141 780 1203 altis,
849 1139 899 1201 3⁸4?

95 1214 132 1261 lit
145 1219 221 1261 certo
232 1213 337 1262 iactata
348 1214 424 1273 mari.
435 1210 634 1285 'Quaecumque
643 1210 750 1263 levatae

95 1280 245 1330 Arboribus
259 1282 346 1331 caesis
358 1278 457 1347 tla'tnrn¹
466 1278 588 1348 elingere
601 1284 784 1346 prementem:

96 1349 214 1398 Abstulit
224 1347 274 1399 has
285 1351 372 1407 ventis
382 1346 604 1410 libercontraria
615 1348 726 1405 volvens

94 1421 203 1480 Aestus,
216 1425 244 1469 et
255 1419 384 1471 obnixum
395 1420 485 1489 lictor
495 1419 617 1471 detrudit
624 1420 652 1469 in
665 1423 796 1485 austrum,

96 1489 154 1537 llas
167 1489 238 1540 vada
249 1488 412 1553 destituunt,
423 1495 506 1557 atque
518 1492 673 1556 interrupta
683 1486 820 1554 prestanda
849 1483 899 1536 ³³⁵

95 1560 186 1608 ‘l'crra
197 1558 261 1610 lenit
273 1574 392 1631 puppes:
412 1559 550 1628 dubioque
562 1558 682 1610 obnoma
693 1557 751 1608 iata

97 1627 165 1678 Pars
177 1628 255 1680 sedet
265 1644 320 1689 una
331 1631 410 1693 ratis,
419 1646 483 1699 pars
494 1630 583 1681 altera
593 1628 694 1695 pendet
704 1629 730 1679 in
742 1626 830 1682 undis.

100 1700 176 1747 Tunc
192 1700 279 1764 magis
296 1696 444 1765 impactum
460 1701 589 1751 brevibus
605 1714 696 1760 mare,
711 1707 840 1762 terraque

577 1769 665 1818 saevit

98 1838 188 1887 Obvia
199 1851 380 1902 consurgens:
402 1839 524 1905 quamvis
535 1836 617 1886 elisus
630 1835 663 1885 ab
675 1835 783 1894 Austro,

101 1908 190 1972 Saepe
202 1913 293 1956 tamen
304 1906 426 1956 cumulos
438 1904 537 1956 fluetus
549 1919 603 1954 non
611 1904 695 1955 vincit
705 1915 814 1953 arenae.
851 1899 902 1949 340

100 1977 211 2026 Eminet
219 1975 246 2023 in
258 1980 338 2041 tergo
351 1973 440 2040 pelagi
453 1973 549 2039 procul
561 1973 685 2023 omnibus
697 1971 780 2032 arvis,

100 2043 251 2096 inviolatus
264 2058 343 2109 aqua,
354 2042 421 2091 sicci
432 2045 486 2092 iam
498 2043 616 2108 pulveris
628 2055 727 2109 agger3

100 2114 182 2165 Stant
192 2112 284 2162 miseri
296 2116 406 2173 nautae,
417 2117 563 2178 terraeque
574 2109 705 2163 haerente
716 2108 818 2168 carina,

100 2181 282 2235 initoranulla
292 2180 393 2230 rident.
414 2174 718 2245 Sicpartemintereipit
726 2191 841 2244 aequor:

100 2255 169 2304 Pars
176 2253 275 2303 ratium
283 2251 370 2301 maior
377 2251 498 2318 regimen
509 2248 669 2316 clavumque
681 2251 839 2308 secutaest,
852 2244 903 2295 24⁵

100 2326 176 2373 'l'uta
188 2322 262 2390 luga,
275 2327 427 2387 nautasque
439 2319 494 2369 loci
505 2319 604 2369 sortita
613 2318 726 2385 peritas,

101 2395 272 2461 ‘serpentem
283 2392 415 2441 Tritonos
426 2388 486 2442 adit
493 2388 591 2439 illaesa
602 2387 738 2455 paludem.

102 2464 191 2523 lianc,
205 2469 235 2511 ut
246 2461 328 2525 lama,
339 2461 416 2525 deus,
428 2476 508 2531 quem
520 2466 580 2510 toto
593 2460 673 2511 litore
685 2461 785 2526 pontus

101 2532 183 2581 Audit
193 2538 309 2582 ventosa
317 2531 480 2598 perllantem
490 2544 629 2580 marmora
641 2525 754 2589 concha,

101 2603 183 2651 lianc
195 2605 223 2651 et
235 2599 326 2652 Pallas
338 2608 420 2664 amat,
432 2603 522 2669 patrio
535 2615 603 2668 quae
616 2599 719 2651 vertice
729 2601 795 2647 nata
853 2592 906 2644 &St

100 2665 845 2737 ‘l'errarumprimamLibyen(namprnximaceelacst,
902 2723 904 2728 Ι
