1956 3106
219 182 506 235 PHARSALIA.
542 184 635 236 ΗΒ.
666 187 704 240 11.
798 186 832 240 33

88 305 161 370 Non,
174 304 297 355 timidum
308 309 410 371 nuptae
421 304 517 354 lenter
527 310 636 355 tectura
646 306 787 371 pudorem,
842 308 892 358 36⁰

87 376 180 428 Lutea
191 374 323 425 demissos
334 373 460 423 velarunt
471 372 597 423 ssarumea
608 375 709 425 vultum

86 445 201 498 Balteus
211 442 283 493 hund
294 442 383 493 fluxos
413 444 507 493 eminis
520 443 665 493 adstrinxit
677 447 800 508 amictus,

89 514 165 566 Colla
176 513 276 563 monile
288 512 396 574 decens,
422 513 575 579 umerisque
587 510 729 563 haerentia
739 516 832 582 primis

89 581 216 650 Suppara
227 581 344 631 nudatos
357 581 469 647 cingunt
480 587 596 648 angusta
606 582 735 633 lacertos.

88 649 143 715 sic,
155 656 266 712 uteret,
278 651 376 700 moesti
388 657 480 700 serrat
490 650 616 718 lugubria
628 651 725 714 cultus,
841 652 892 704 365

90 721 205 788 Quoque
217 720 299 769 modo
311 725 399 782 natos,
411 718 464 770 hoc
476 725 518 770 est
531 721 656 788 anrplexa
668 723 803 772 maritum.

89 789 188 842 Obsita
199 787 312 840 funerea
325 789 430 840 celetur
440 805 561 856 purpura
572 790 648 854 lana3

87 857 150 911 Non
162 858 236 910 soliti
247 859 337 909 lusere
349 858 436 909 sales:
453 871 504 910 nec
515 875 592 910 more
604 858 706 910 Sabino

88 928 208 994 Excepit
219 929 305 979 tristis
316 930 441 979 convicia
451 928 524 979 festa
534 931 656 980 orantus.

89 997 210 1066 Pignora
220 999 292 1048 nulia
304 998 410 1060 domus,
420 998 485 1048 nulli
497 999 588 1049 coiere
601 1001 753 1067 propinqui.
845 999 894 1048 3ἵο

88 1067 240 1134 Iunguntur
251 1069 337 1128 taciti,
351 1069 526 1134 contentique
538 1070 648 1132 auspice
661 1070 755 1118 Bruto.

87 1136 137 1187 llle
148 1151 199 1186 nec
213 1134 369 1185 horrificam
381 1143 477 1184 sancto
490 1135 603 1185 dimoiit
615 1137 648 1186 ab
661 1152 709 1186 ore

90 1206 255 1266 Caesariem,
270 1205 392 1269 duroque
406 1204 515 1253 admisit
526 1205 628 1269 gaudia
639 1207 728 1256 vultu:

89 1276 139 1335 (Ut
150 1275 265 1339 primum
277 1274 336 1322 tolli
349 1271 446 1321 feralia
456 1273 564 1321 uiderat
575 1288 660 1336 arura,

88 1344 220 1395 Intonsos
232 1342 347 1406 rigidam
358 1341 385 1389 in
397 1339 515 1390 frontem
528 1340 694 1394 descendere
707 1359 791 1394 canos
845 1345 895 1392 3⁶25>

90 1410 194 1462 Passus
206 1417 274 1470 erat,
283 1411 551 1480 mpestamquegenis
559 1411 841 1464 increscereborbam.

92 1480 144 1530 Uni
157 1480 255 1545 quippo
267 1485 356 1540 vacat,
367 1479 517 1546 studiisque
529 1480 651 1548 odiisque
663 1485 775 1545 carenti,

88 1549 245 1600 Humanum
260 1549 352 1616 iugero
363 1553 460 1617 genus)
473 1565 524 1600 nec
534 1549 649 1601 foedera
658 1554 739 1618 prisci

89 1616 160 1670 Sunt
170 1623 277 1669 tentata
287 1620 352 1669 tori:
370 1619 443 1669 iusto
454 1634 562 1687 quoque
573 1621 656 1671 robur
668 1625 754 1673 amori

88 1687 208 1739 Restitit.
245 1689 281 1738 Hi
293 1703 393 1750 mores,
405 1686 473 1739 baec
485 1689 544 1739 duri
555 1691 669 1742 imnmta
682 1693 793 1742 Catonis
845 1694 894 1742 3813

90 1755 175 1808 Secta
185 1756 244 1818 fuit,
261 1773 371 1808 serrare
383 1759 502 1821 modum,
514 1759 649 1826 finemque
660 1769 762 1824 tenere,

89 1826 277 1894 Naturamque
288 1828 375 1894 sequi,
387 1829 547 1894 patriaeque
558 1829 716 1894 impendere
727 1832 824 1893 ritam3

89 1896 148 1948 Nec
159 1896 219 1958 sibi,
230 1896 278 1947 sed
288 1897 341 1946 toti
352 1897 472 1963 genitum
483 1912 513 1947 se
526 1898 638 1949 credere
651 1899 759 1951 mundo.

87 1966 162 2017 Huic
174 1965 280 2031 epulae,
292 1966 390 2015 vicisse
401 1964 516 2030 iamem3
527 1969 672 2034 magnique
685 1975 806 2034 penates,

89 2034 267 2086 Submovisse
278 2031 405 2098 hyemem
417 2041 506 2085 tecto:
522 2037 697 2103 pretiosaque
709 2041 802 2099 vestis,
845 2038 894 2090 385

88 2105 200 2155 Hirtam
212 2101 336 2152 membra
347 2118 429 2167 super
439 2103 554 2155 Romani
566 2121 642 2156 more
655 2107 768 2167 Quiritis

88 2173 232 2224 induxisse
243 2178 351 2240 togam:
364 2171 531 2239 Venerisque
543 2172 606 2224 huic
617 2177 750 2227 maximus
761 2193 834 2238 usus,

90 2243 254 2309 Progeniem
271 2241 334 2293 Urbi
348 2247 427 2306 pater
438 2247 488 2303 est,
499 2243 618 2311 Urbique
630 2246 757 2296 maritus:

91 2313 215 2362 Iustitiae
227 2312 325 2373 cultor,
338 2310 417 2378 rigidi
430 2317 556 2361 serrator
567 2310 687 2364 honesti:

91 2383 120 2432 ln
133 2396 277 2432 commune
286 2381 388 2431 bonust
405 2380 547 2446 nullosque
561 2383 671 2433 Catonis
683 2384 709 2433 in
721 2390 798 2436 actus
844 2386 893 2438 390

90 2449 233 2517 Subrepsit
245 2457 404 2517 partemque
416 2449 478 2500 tulit
489 2450 539 2501 sibi
551 2457 617 2502 nato
626 2452 760 2521 voluptas.

143 2520 252 2571 interea
263 2520 369 2586 trepido
383 2519 525 2570 discedens
538 2521 645 2593 agmine
656 2523 782 2592 Magnus,

89 2589 203 2642 Moenia
214 2589 344 2640 Dardanii
356 2590 445 2639 tenuit
457 2591 596 2656 Campona
607 2593 704 2644 coloni.

89 2659 169 2710 Haec
181 2658 283 2723 placuit
293 2658 355 2710 belli
369 2659 456 2720 sedes,
469 2656 531 2711 hinc
543 2677 648 2712 summa
658 2666 777 2716 moventi
856 2654 862 2667 '

90 2727 188 2780 Hostis
199 2728 226 2777 in
240 2741 382 2780 occursum
395 2744 504 2796 sparsas
517 2731 664 2784 extendere
675 2740 777 2800 partes,
842 2735 892 2786 395

123 2796 253 2847 Lucan.
644 2805 684 2868 ¹C
