1956 3106
145 164 181 214 u
320 161 350 213 u
399 161 711 228 iun.uucaur

148 281 211 333 Non
222 282 326 332 Eurum
338 280 547 348 Zephyrumque
563 283 673 341 timeus,
692 297 752 331 cum
768 284 829 333 vela
843 299 887 334 ru·

338 359 341 365 “
625 358 719 417 tesqua

150 421 182 469 ln
194 419 312 470 medium
324 417 445 469 deferret
456 417 553 469 Athon.
591 417 635 469 Sic
646 435 695 469 ora
705 418 831 485 profundi

151 489 299 539 Arctantur
309 503 374 538 casu
386 502 538 538 nemorum:
550 493 614 537 tunc
626 502 726 555 aggere
736 489 820 538 multo

153 554 246 626 Surgit
262 572 343 623 opus,
368 557 518 622 longaeque
534 565 654 606 tremunt
667 571 750 623 super
767 572 888 624 aequora

623 633 721 676 turres.

18 700 22 707 ’
88 692 143 744 680
206 693 352 758 Pompeius
363 692 460 742 tellure
471 708 543 743 nova
553 709 711 760 compressa
720 693 847 761 prohrndi

155 764 211 812 Ora
221 763 327 824 ridens,
340 763 411 811 curis
422 763 538 811 arrimum
550 762 723 813 mordacibus
734 763 817 829 angit,

154 831 888 898 Utreseretpelagus,spargatqueperaequorabellum,

55 895 60 902 '
155 898 242 966 Saepe
254 898 326 949 Noto
337 899 432 964 plenae
444 900 581 965 tensisque
592 900 751 950 rudentibus
763 906 842 950 actae

154 970 218 1034 lpse
227 970 309 1019 maris
319 983 368 1033 per
379 968 497 1018 claustra
507 974 580 1019 rates
591 968 702 1036 fastigia
713 969 791 1019 molis

91 1037 145 1090 685
155 1038 316 1088 Discussere
328 1037 395 1098 salo,
408 1038 578 1104 spatiumque
589 1038 688 1089 dedere
701 1038 812 1088 carinis:

156 1108 296 1174 Tortaque
309 1121 358 1172 per
368 1106 495 1157 tenebras
506 1107 602 1158 validis
613 1107 723 1157 ballista
733 1107 852 1168 lacertis,

155 1176 305 1227 Multifidas
315 1175 434 1226 iaculata
443 1174 527 1227 faces.
563 1177 599 1227 Ut
610 1183 735 1242 tempora
744 1175 855 1225 tandem

156 1246 285 1296 Furtivae
297 1245 424 1313 placuere
435 1244 531 1313 fugae:
544 1260 577 1295 ne
588 1246 671 1296 litora
681 1245 783 1294 clamor

156 1313 288 1366 Nauticus
301 1315 431 1381 exagitet,
441 1330 494 1365 neu
504 1315 621 1365 buccina
631 1313 732 1364 dividat
743 1311 834 1374 horas,

95 1381 217 1435 ouoNeu
241 1384 308 1435 tuba
332 1385 518 1448 praemonitos
544 1384 677 1449 perducat
705 1382 738 1432 ad
769 1397 889 1448 aequora

626 1457 731 1512 nautas,

155 1521 301 1585 Praecepit
312 1521 401 1569 sociis.
439 1520 495 1568 lam
506 1525 635 1583 coeperat
645 1520 740 1569 ultima
753 1520 836 1587 Virgo

155 1587 295 1640 Phoebum
307 1587 410 1638 laturas
422 1593 484 1638 ortu
495 1588 660 1653 praecedere
672 1586 778 1650 Chelas,

156 1659 224 1708 Cum
235 1657 313 1706 taciti
323 1656 428 1706 solvere
439 1663 521 1705 rates.
558 1655 618 1706 Non
631 1654 751 1707 anchora
761 1673 844 1709 voces

156 1726 251 1787 Movit,
263 1725 326 1775 dum
337 1726 429 1790 spissis
440 1723 564 1774 avellitur
573 1740 659 1776 uncus
671 1728 773 1777 arenis:
845 1778 849 1785 ,

93 1795 146 1847 ὓ95
155 1796 226 1844 Dum
237 1795 301 1861 iuga
313 1800 459 1844 curvantur
468 1793 540 1855 mali,
551 1793 668 1862 dumque
680 1795 765 1845 ardua
776 1797 853 1860 pinus

156 1865 285 1928 Erigitur,
297 1862 387 1928 pavidi
399 1863 493 1914 classis
504 1863 601 1914 siluere
612 1865 747 1932 magistri:

158 1931 312 1996 Strictaque
324 1931 473 1997 pendentes
485 1932 623 1982 deducunt
634 1934 749 1985 carbasa
760 1939 868 1995 nautae,

157 1999 214 2050 Nec
227 2000 351 2065 quatiunt
361 2001 474 2063 validos,
486 2017 520 2052 ne
531 2001 621 2053 sibilet
632 2018 707 2066 aura,
718 2003 853 2053 rudentes.

156 2069 220 2117 Dux
231 2068 312 2117 etiam
324 2070 395 2120 votis
406 2068 459 2120 hoc
470 2076 506 2131 te,
517 2071 648 2133 Fortuna,
659 2079 795 2137 precatur,

94 2139 146 2187 tou
163 2135 248 2198 Quam
259 2136 376 2190 retinere
386 2147 470 2200 vetus,
483 2139 561 2190 liceat
575 2139 626 2190 silli
633 2141 745 2206 perdere
757 2139 855 2186 saltem

156 2206 276 2258 Italicae.
313 2208 367 2259 Vix
377 2207 435 2258 fata
446 2209 547 2258 sinunt:
559 2223 621 2258 nam
630 2222 766 2258 murmuro
776 2208 853 2253 vasto

156 2275 302 2341 lmpulsum
314 2280 410 2327 rostris
421 2278 511 2327 sonuit
521 2291 605 2337 mare,
616 2275 730 2326 fluctuat
742 2273 822 2334 mula,

157 2347 266 2411 Totque
279 2347 430 2396 carinarum
443 2346 582 2412 permixtis
594 2360 714 2412 aequora
725 2343 814 2394 sulcis.

208 2415 281 2481 Ergo
293 2412 386 2466 hostes
397 2417 492 2482 portis,
504 2429 570 2481 quas
581 2430 673 2464 omnes
685 2414 804 2464 solverat
815 2410 889 2460 urbis

94 2472 147 2533 705
159 2484 225 2534 Cum
234 2482 292 2533 fato
305 2499 436 2535 conversa
448 2484 523 2546 lidos,
535 2485 672 2550 murisque
683 2482 796 2548 recepti,

157 2553 303 2617 Praecipiti
315 2569 396 2603 cursu
407 2552 469 2603 flexi
481 2567 530 2619 por
541 2568 644 2607 cornua
656 2559 750 2617 portus

156 2622 212 2670 Ora
223 2627 326 2686 petunt,
339 2623 503 2690 pelagusque
510 2621 767 2688 dolentcontingcre
781 2610 892 2668 classes.

157 2691 218 2739 lleu
229 2691 328 2755 pudor!
349 2693 448 2759 exigua
458 2696 500 2741 est
510 2689 617 2758 fugiens
626 2691 741 2740 uictoria
752 2689 877 2753 Magnus.
