1956 3106
212 164 500 218 PHARSALIA.
536 167 627 217 LlB.
650 166 703 218 lx.
766 158 821 217 Δ217

93 284 147 337 Sed
158 288 263 338 maiora
273 293 373 353 perant
382 286 507 351 Libycae
520 285 680 352 spectacula
689 291 789 351 pestes.
835 284 892 335 805

92 358 232 437 Impressit
242 357 337 406 dentes
348 353 546 406 Haemorrhois
559 369 656 419 aspera
669 355 759 416 Tullo,
929 350 940 369 ·’

92 426 158 492 Mag
142 427 267 475 unanimo
279 426 368 475 iuveni
371 426 566 491 ,miratorique
578 423 697 473 Catonis.

92 496 182 561 thue
193 495 265 544 solet
276 495 379 559 pariter
389 495 456 544 totis
467 509 496 543 se
509 491 680 543 effundere'
660 493 743 558 signis

93 564 203 629 Corycii
214 577 342 628 pressura
353 564 440 624 croci,
460 563 499 612 sic
511 563 602 612 omnin
612 561 734 611 membra

91 633 215 683 Emisere
227 631 306 681 simul
323 633 434 682 rutilum
445 646 495 699 pro
506 632 636 698 sanguine
646 630 727 681 virus.
838 631 893 679 82lo

93 699 210 766 Sanguis
226 705 304 750 erant
318 702 472 766 lacrymae:
493 714 679 767 quaecumque
693 699 829 751 foramina

566 771 643 820 novit

93 837 209 898 Humor,
218 837 251 887 ab
259 836 595 904 hrslargusmanatcruor
608 853 658 888 ora
666 837 828 898 redundant

93 907 130 957 Et
141 906 251 979 patulae
261 922 355 958 nares·
375 907 459 957 sudor
470 906 561 957 rubet.
581 909 672 958 omnia
683 908 768 975 plenis

91 967 216 1027 Membra
231 976 319 1027 lluunt
340 978 429 1026 venis:
461 981 549 1026 totum
571 981 613 1026 est
627 992 678 1042 pro
699 976 810 1026 vulnere

566 1060 672 1110 corpus

92 1117 126 1164 At
136 1114 194 1176 tibi,
205 1114 280 1166 Leve
293 1115 384 1175 miser,
397 1113 466 1164 fixus
476 1114 641 1180 praecordia
650 1114 750 1179 pressit
836 1113 893 1163 815-
906 1114 921 1121 ’“
952 1119 955 1124 ’

91 1183 198 1234 Niliaca
207 1189 334 1249 serpente
347 1198 439 1233 cruor:
460 1182 587 1249 nulloque
599 1182 694 1233 dolore

93 1254 225 1302 Testatus
236 1267 351 1312 morsus,
362 1252 453 1302 subita
463 1251 578 1318 caligine
588 1258 705 1302 mortem

93 1321 209 1384 Accipis,
221 1326 249 1370 et
260 1319 370 1386 Stygias
382 1336 477 1371 somno
489 1320 631 1371 descendis
644 1321 678 1371 ad
689 1321 808 1373 umbras.

94 1387 155 1438 Non
166 1399 222 1438 tam
233 1388 321 1439 veloci
333 1395 511 1456 corrumpunt
520 1390 620 1455 pocula
630 1390 695 1453 leto,

94 1456 193 1522 Stipite
206 1474 275 1525 quae
285 1459 344 1508 diro
356 1459 447 1526 virgas
458 1461 574 1511 mentita
585 1457 699 1511 Sabinas
839 1462 896 1511 820

94 1528 201 1578 Toxica
211 1528 314 1596 fatilegi
327 1534 443 1595 carpunt
451 1534 559 1579 matura
571 1526 678 1579 Sabaei.

144 1598 218 1648 Ecce
230 1597 326 1664 procul
336 1614 433 1649 saevus
444 1598 544 1649 sterilis
555 1613 585 1649 se
596 1599 695 1651 robore
705 1601 795 1650 trunci

93 1667 195 1728 Torsit,
204 1675 232 1718 et
242 1669 353 1718 immisit
360 1668 490 1729 (iaculum
500 1674 583 1718 vocat
588 1667 691 1732 Africa)
701 1684 828 1735 serpens:

92 1735 199 1801 Perque
211 1742 294 1801 caput
304 1737 393 1787 Paulli
403 1742 597 1803 transactaque
610 1743 735 1804 tempora
744 1739 823 1806 fugit

92 1802 137 1854 Nil
146 1804 218 1852 ibi·
194 1819 267 1853 rrrus
277 1806 346 1870 agit·
366 1807 458 1870 rapuit
469 1821 530 1855 cum
541 1806 652 1857 vulnere
662 1805 758 1857 fatum.
838 1807 896 1856 825

92 1873 264 1937 Deprensum
276 1878 326 1934 cst,
339 1889 409 1940 quae
420 1873 503 1923 funda
510 1873 599 1935 rodat
612 1876 773 1940 quamlcnta
783 1889 829 1925 ro-

566 1942 663 2004 larent,

94 2009 182 2070 Quam
194 1981 284 2075 segnis
296 2007 443 2074 Scythicae
455 2010 584 2061 strideret
597 2011 735 2063 arundinis
747 2026 802 2062 aer.

145 2078 217 2139 Quid
227 2078 341 2145 prodest
352 2080 444 2129 miseri
457 2080 605 2130 Basiliscus
618 2079 729 2146 cuspide
740 2080 829 2130 Murri

91 2145 278 2199 sransactusi
304 2147 394 2199 Velox
405 2150 489 2198 currit
500 2164 549 2214 per
559 2148 615 2201 tela
625 2164 767 2210 venenum,

92 2218 252 2286 Invaditque
262 2233 385 2267 manum:
406 2233 487 2284 quam
497 2218 621 2283 protinus
630 2218 676 2269 ille
687 2223 793 2272 retecto
838 2217 894 2268 83o

91 2288 164 2339 Ense
175 2287 249 2350 ferit,
260 2293 376 2354 totoque
386 2286 466 2337 simul
476 2286 595 2337 demittit
606 2287 639 2338 ab
651 2302 743 2338 armo:

89 2358 290 2425 Exemplarque
303 2357 346 2408 sui
355 2362 482 2424 spectans
493 2356 647 2407 miserabile
658 2357 707 2408 leti

92 2426 153 2475 Stat
164 2432 248 2488 tutus,
259 2431 390 2493 pereunte
401 2441 491 2476 manu..
511 2425 578 2486 Quis
588 2426 647 2478 sata
658 2431 769 2494 putaret

91 2494 234 2561 Scorpion,
247 2498 375 2547 nutrires
386 2501 511 2546 maturae
521 2497 617 2548 mortis
628 2494 750 2547 haberet

89 2565 138 2614 llle
151 2565 242 2614 minax
253 2565 340 2628 nodis,
353 2571 382 2618 et
391 2571 469 2616 recto
481 2566 595 2618 verbere
607 2580 713 2627 saevus,
783 2595 785 2601 ,
835 2563 891 2616 835
940 2571 941 2576 ’

91 2635 175 2684 Teste
186 2633 249 2684 tulit
261 2636 338 2686 coelo
348 2636 414 2686 victi
425 2635 508 2685 decus
519 2636 636 2687 Orionis.

92 2704 158 2764 tluis
171 2703 278 2754 calcare
288 2710 351 2756 tuas
361 2709 474 2765 metuat,
486 2701 616 2773 Solpugn,
627 2703 764 2756 latebrosi
