1956 3106
180 157 215 208 36
356 157 394 207 Μ.
430 154 531 206 ΑΝΝ.
567 155 747 207 LUCANI

119 276 172 328 465
185 277 310 328 Caesaris
323 274 416 326 audito
429 289 576 326 conversus
587 275 695 325 nomine
708 273 789 325 Sulla.

181 346 281 409 Varus,
293 352 324 396 ut
335 344 463 396 admotae
476 344 618 411 pulsarunt
627 345 760 394 Auximon
773 338 843 407 alae,
907 344 927 411 ’,ζ

181 416 236 466 Per
248 415 356 466 diversa
366 429 447 464 rueris
457 413 583 480 neglecto
593 413 704 463 moenia
712 418 801 478 tergo,

184 485 245 545 Qua
255 485 347 545 silvae,
360 498 414 550 qua
424 497 499 543 saxa,
511 480 589 548 fugit.
608 480 760 547 Depellitur
771 495 834 531 arce

183 553 316 604 Lentulus
327 551 450 602 Asculea
468 550 566 602 Victor
576 548 735 600 cedentibus
744 550 837 611 instat,

122 624 173 672 47⁰
185 622 357 688 Divertitque
369 620 455 669 acies:
472 619 600 685 solusque
612 633 647 668 ex
657 620 764 685 agmine
774 624 852 668 tanto

183 691 246 742 Dux
258 690 336 757 fugit,
349 694 377 739 et
389 687 475 738 nullas
486 687 615 737 ducentia
625 688 703 754 signa
715 685 853 738 cohortes.

183 762 227 810 'l'u
238 772 345 826 quoque
358 757 519 806 commissae
530 755 661 817 nudatam
672 756 776 806 deseris
787 770 887 820 arcem,

183 826 283 893 Scipio,
296 825 444 877 Nuceriae:
457 839 620 892 quamquam
627 824 782 875 firmissima
793 824 880 891 pubes

184 898 234 946 His
245 895 340 946 sedeat
352 895 457 956 castris,
468 892 630 958 iampridem
640 894 764 943 Caesaris
777 894 859 945 armis

122 966 173 1015 475
186 963 350 1014 Parthorum
362 962 476 1013 seducta
487 968 575 1012 metu:
593 977 646 1028 qua
658 961 764 1012 Gallica
775 962 875 1015 damna

184 1033 325 1099 Supplevit
337 1033 463 1100 Magnus,
475 1031 592 1098 dumque
603 1033 661 1096 ipse
674 1031 708 1081 ad
719 1029 791 1080 bella
800 1040 923 1096 vocaret,

184 1104 305 1154 Donavit
315 1117 411 1153 socero
422 1101 537 1152 Romani
548 1100 686 1168 sanguinis
697 1116 783 1150 usum.

236 1174 271 1223 At
280 1178 308 1223 te
321 1172 423 1224 Corfini
434 1170 529 1221 validis
540 1169 709 1220 circumdata
718 1171 802 1221 muris

184 1244 274 1292 Tecta
284 1247 387 1304 tenent,
400 1254 509 1307 pugnax
515 1239 632 1288 Domiti:
648 1245 697 1288 tua
708 1238 823 1290 classica
833 1246 926 1290 servat

124 1313 174 1363 480
187 1313 337 1377 Oppositus
349 1311 484 1378 quondam
496 1309 600 1376 polluto
611 1309 664 1358 tiro
676 1307 781 1358 Miloni.

184 1383 220 1432 Ut
231 1380 327 1445 procul
337 1381 495 1429 immensam
508 1393 605 1443 campo
618 1392 783 1444 consurgere
793 1378 902 1428 nubem.

182 1449 369 1514 Ardentesque
381 1448 454 1497 acies
466 1446 602 1511 percussis
613 1444 671 1494 sole
683 1460 799 1497 corusco

184 1517 332 1581 Conspexit
343 1515 414 1576 telis,
431 1513 513 1574 Socii,
527 1512 671 1573 decurrite,
683 1512 760 1576 dixit,

182 1584 313 1635 Fluminis
324 1584 361 1633 ud
369 1583 454 1648 ripas,
467 1582 605 1648 undaeque
616 1581 767 1650 irrrmergite
775 1593 885 1650 pontem

123 1654 173 1705 485
183 1652 226 1705 Et
236 1662 266 1703 tu
277 1653 413 1704 montursis
424 1661 496 1702 totus
508 1649 712 1719 urtncfontihus
723 1653 777 1714 exi,

182 1722 271 1788 Atque
279 1737 366 1772 omues
373 1721 667 1789 trulregurgesuquus,
673 1728 704 1769 ut
712 1737 834 1787 spreturus
840 1727 927 1787 clrior,

184 1791 320 1843 Discussa
332 1806 470 1857 couipuge,
476 1790 565 1860 ferus.
585 1789 643 1840 Hoc
656 1787 744 1841 limite
757 1791 855 1842 lelium

183 1859 314 1918 Haereat,
326 1858 472 1910 laedoriis
484 1860 571 1909 leutius
582 1866 656 1909 terat
667 1859 724 1908 otio
737 1855 808 1927 ripa.

182 1927 367 1992 Praecipitem
380 1927 500 1979 cohibete
511 1928 621 1979 dictem:
637 1929 753 1981 victorio
764 1931 838 1982 uobis

122 1997 173 2046 490
185 1996 238 2047 Hic
244 1996 363 2063 primurn
373 1995 557 2047 stuanoerur
569 1997 631 2048 erit.
650 1997 709 2049 Nec
720 2000 797 2066 plura
807 2001 925 2060 locutus,

181 2065 309 2123 Devolvit
320 2066 444 2130 rapidum
456 2067 638 2133 nequidquam
651 2070 792 2119 moenibus
804 2082 909 2134 agmen.

181 2135 252 2188 Nam
264 2135 364 2201 priore
376 2135 479 2199 campis
492 2140 523 2184 ut
535 2137 677 2201 conspicit,
690 2152 768 2185 amne
779 2136 878 2195 soluto,

182 2205 280 2272 Rumpi
293 2206 394 2254 Caesar
402 2204 464 2264 iter,
478 2204 567 2254 calida
579 2205 700 2270 prolatus
712 2205 744 2254 ab
755 2205 808 2253 ira:

182 2273 243 2327 Non
254 2273 322 2325 satis
333 2280 381 2335 est,
392 2288 481 2322 rrrrtros
494 2273 612 2323 latebras
623 2272 756 2338 qrruesisse
767 2271 880 2337 pavori?

121 2343 173 2396 495
188 2341 339 2398 Obstruitis
352 2357 468 2409 campos,
473 2338 622 2409 fluviisque
634 2357 726 2392 arcere
735 2340 854 2408 parutis,

182 2412 302 2482 ignari?
313 2411 381 2473 Nou,
394 2411 418 2463 si
431 2410 531 2492 tumido
542 2427 582 2461 me
590 2411 704 2492 gurgite
722 2412 830 2480 Gauges

183 2482 353 2543 Submorect,
363 2480 448 2534 stabit
459 2479 634 2550 rumflumrne
647 2478 747 2531 Cursor
758 2479 788 2532 in
799 2482 864 2543 ullo,

182 2549 250 2602 Post
270 2549 419 2604 Rubiconis
439 2567 534 2619 aquas.
561 2549 693 2618 Equitum
711 2559 860 2618 properate
883 2567 927 2601 cu·

182 2687 226 2742 lte
237 2686 319 2740 simul
325 2689 449 2756 pedites:
463 2630 768 2743 rusruruniiiiiiiiuire
775 2698 895 2758 pontem.
