1956 3106
150 150 201 201 218
330 148 366 196 ll.
403 146 503 195 Arx.
541 147 717 197 liliolus

66 320 69 327 ,
149 269 187 318 Et
199 267 248 317 tibi
260 266 326 316 darrt
337 265 450 332 Stygiae
460 269 501 316 ius
512 268 539 314 in
551 281 600 314 sun
612 265 656 315 flia
667 281 785 316 sorores.

196 334 241 386 Sic
251 351 301 386 nec
314 336 388 386 clara
398 335 464 395 dies,
471 348 582 384 rreonox
592 333 676 384 dabat
686 342 746 384 atra
754 336 890 401 quieternr

89 405 141 455 840
153 404 286 471 Suspecta
298 411 340 455 est
350 405 455 454 miseris
466 404 492 451 io
506 418 559 470 qua
570 402 665 453 tellure
676 404 811 453 iacebant.

153 474 221 525 Nam
233 488 320 541 neque
332 478 479 539 congestae
491 479 615 522 struxere
626 471 727 522 cubilia
737 471 858 534 frondes,

152 542 210 593 Nec
221 542 314 592 cirlnris
327 555 437 592 crevere
448 542 515 590 tori:
535 540 582 589 sed
595 554 712 605 corpora
721 540 786 591 fatis

152 612 277 678 Expositi
291 611 436 661 volvuntur
446 607 538 670 humo,
551 608 693 675 calidoque
704 624 807 674 vapore

152 680 286 731 Adliciunt
295 679 398 746 gelidas
408 685 542 727 nocturno
554 677 656 744 frigore
667 684 773 744 pestes:

11 766 16 775 ·
91 749 142 800 845
153 750 341 813 innocuosque
352 747 397 796 diu
407 749 491 797 rictus
503 753 629 811 torpente
639 761 744 797 veneno

153 819 227 868 lnter
238 816 360 866 membra
371 816 477 866 fovent:
489 830 540 866 nee
553 830 621 882 quae
633 829 760 865 pransura
769 817 886 881 riarum,

154 887 253 947 Quisve
265 885 369 947 modus,
381 890 493 946 norant,
519 884 598 934 coelo
617 884 698 934 duce:
720 899 804 950 saepe
820 901 885 954 que-

625 958 726 1014 rentes,

152 1020 887 1092 Reddite,di‚clamant,miseris‚puaefirgimus,armus

150 1092 265 1143 Reddite
280 1091 455 1142 Thessaliam.
476 1089 607 1141 Patimur
619 1107 667 1140 cur
679 1091 774 1159 segnia
779 1092 857 1162 fata,

89 1162 141 1211 85⁰
154 1162 186 1212 ln
196 1161 303 1228 gladios
314 1161 408 1212 iurata
419 1158 533 1210 uranus?
552 1158 609 1209 Pro
622 1159 741 1211 Caesare
748 1173 877 1229 puguant

152 1229 293 1296 Dipsades,
306 1240 332 1280 et
339 1237 477 1298 peragunt
488 1227 579 1279 ciuilia
590 1227 658 1280 bella
675 1227 814 1282 Cerastae.

151 1299 196 1349 lre
206 1299 278 1360 libet,
291 1315 343 1364 qua
354 1315 419 1349 zerra
431 1296 528 1350 rubens
539 1307 620 1364 atque
631 1299 692 1350 auis
704 1299 811 1351 inustus

152 1368 222 1420 Salis
234 1368 321 1435 equis:
339 1368 415 1418 iuvat
427 1365 554 1418 aetberiis
566 1367 716 1418 adscribere
727 1369 839 1430 saurus,

155 1436 357 1503 eradperearre,
370 1439 492 1503 coeloque
504 1435 581 1486 rrsari.
605 1434 660 1498 Nil,
674 1436 782 1506 Africa,
794 1440 827 1490 de
839 1448 875 1501 te,

90 1507 141 1557 855
156 1505 213 1556 Nee
224 1508 254 1556 de
267 1516 301 1567 te,
314 1516 424 1565 natura,
437 1521 549 1571 qraerar:
561 1514 602 1556 tat
612 1508 885 1577 rrronstraferentem,

155 1575 284 1626 Gentibus
294 1574 415 1624 ablatum
428 1575 537 1625 dederas
548 1575 714 1641 serpentibus
725 1575 827 1628 orbem:

153 1643 347 1708 lrrrpatiensque
358 1645 441 1692 solum
456 1640 571 1703 Cereris,
583 1647 686 1696 cultore
696 1654 804 1714 negato,

151 1711 309 1772 Darrmasti,
321 1720 400 1776 atque
412 1711 529 1763 libertines
539 1714 649 1765 uoluisti
659 1715 745 1765 deesse
756 1715 874 1768 amenis.

153 1783 185 1833 lu
196 1784 255 1833 losa
266 1791 418 1847 serpentum
429 1798 476 1833 nos
486 1782 618 1846 verrimus:
630 1783 722 1849 arripe
731 1800 834 1851 paenas
879 1830 882 1835 ,

91 1851 143 1903 sto
157 1850 207 1913 Tu,
219 1851 337 1918 quisquis
348 1867 480 1916 superum,
493 1853 649 1904 sarrrrrseraia
658 1864 753 1905 nostra
765 1870 887 1920 perosus,

154 1920 225 1972 Hine
236 1930 354 1972 torrente
362 1923 459 1989 plaga,
473 1920 559 1971 dubiis
571 1920 633 1974 bine
643 1922 768 1990 Syrtibus
781 1922 869 1976 orbem

153 1990 327 2056 ‚lbrurrrpenu
338 1990 422 2041 medio
431 1990 550 2056 passeisti
561 1990 646 2043 lirrrite
656 2001 761 2043 mames.

152 2060 208 2109 Per
219 2069 322 2110 recreta
334 2059 375 2110 tui
386 2060 480 2110 bellam
493 2060 569 2110 ciuile
581 2077 697 2111 recessus

158 2126 240 2178 Vadit
246 2147 257 2189 ;
270 2139 295 2179 et
307 2128 402 2181 arearri
412 2128 486 2179 rru'les
497 2129 545 2178 tibi
556 2130 663 2182 sancius
675 2129 745 2180 orbis

91 2198 141 2250 865
154 2195 281 2248 Claustra
291 2198 361 2263 perit
373 2197 474 2249 mundi.
493 2196 601 2250 -Forsarr
612 2199 716 2250 maiora
726 2207 874 2266 supersunt

152 2266 293 2334 ingressis.
314 2264 415 2318 Coeunt
427 2267 501 2333 ignes
512 2267 687 2319 stridentibus
697 2268 787 2330 undis,

152 2334 193 2386 Et
199 2336 336 2402 premitur
347 2345 448 2387 natura
456 2337 521 2402 pali.
543 2336 595 2387 Sed
604 2338 711 2406 langius
722 2339 778 2389 ista

152 2402 237 2456 Nulla
248 2406 320 2457 iacet
332 2407 419 2465 tellas,
432 2421 511 2470 qrrarrs
518 2406 600 2476 fama
612 2407 720 2476 cognita
731 2407 807 2460 nobis

155 2470 259 2525 Tristia
271 2491 355 2542 regna
368 2474 456 2525 lubae.
480 2475 642 2538 Quaererrrur
648 2476 773 2546 forsitan
783 2476 853 2529 istas

89 2542 140 2592 tiro
152 2543 310 2608 Serpentum
323 2545 431 2593 terras?
450 2543 530 2595 babet
540 2554 567 2596 et
577 2547 677 2597 solatia
688 2549 803 2598 saelum:

157 2610 230 2662 l'irit
243 2611 331 2663 adbuc
342 2612 453 2677 aliquid.
474 2614 590 2665 Patriae
602 2632 653 2667 non
666 2631 734 2666 arsa
745 2614 865 2682 requiro,

150 2679 347 2747 Europamque,
360 2682 426 2731 alias
439 2685 513 2743 soles,
528 2684 679 2750 Asiamque,
689 2685 836 2736 videntem:
