1950 3218
114 122 119 133 “
153 122 204 171 114
324 121 362 170 Μ.
398 117 501 173 ΑΝΝ.
536 117 714 173 Lucam

155 240 234 297 fidele,
246 242 315 303 quod
326 239 458 290 adsuescis
464 238 547 308 fotis,
559 247 715 304 tantumque
725 239 856 298 dolorem,

154 307 284 367 Crudelis,
295 308 419 378 nreferre
431 309 514 358 doces.
543 306 768 378 ignoscefotenti
774 326 783 356 .-

154 376 235 425 l’osse
246 379 316 442 poti,
329 378 416 428 timeo.
439 376 517 438 Qrsod
525 375 549 424 si
559 385 622 427 eunt
633 385 705 435 noto,
716 375 824 441 deisque

153 444 266 506 flrrrlior,
277 456 385 497 eventus
395 462 485 495 rerum
497 444 564 498 teist
575 445 669 495 ultima
680 444 788 496 rosetus.

92 515 142 562 180
157 513 305 565 Sollicitam
317 531 406 580 rupes,
419 513 475 562 inor.
487 523 513 564 te
524 512 632 572 victore,
644 512 776 572 tenebunt,

152 582 193 633 Et
203 584 323 648 puppim,
333 582 562 650 quaefotnferat
573 592 629 631 tone
641 584 724 639 laeto,
736 583 844 634 tiruelo.

153 650 211 701 Neo
223 655 324 702 solvent
336 651 431 701 ossdito
444 659 529 700 rosetus
541 650 607 700 milri
615 666 745 717 prospero
755 650 827 712 belli,

153 719 228 780 Citra,
239 720 330 769 oacrtr's
337 719 461 785 proiecta
474 719 546 779 loeis,
557 736 573 769 a
588 717 703 769 Caesare
712 719 811 785 possim

157 786 204 838 Vel
212 788 339 858 fugiente
351 788 420 854 copi.
449 786 595 838 Notescent
607 788 690 838 litora
700 788 771 839 olari

90 856 140 905 785
153 855 276 907 Nominis
287 856 389 926 exsilio,
397 856 540 922 positaque
551 856 589 907 toi
598 856 711 924 eonirrge
721 856 830 925 Magni,

154 924 220 986 Quis
232 925 411 994 Mitylenaeos
419 925 523 990 poterit
534 925 634 976 nescire
647 926 786 976 latebras?

149 994 209 1045 Hoc
218 1011 314 1060 precor
326 1005 481 1053 extremum,
492 994 517 1044 si
527 994 567 1046 nil
577 994 627 1046 titt
637 995 710 1046 nicta
721 995 877 1062 relinquent

152 1063 248 1115 'l'nts'us
260 1082 336 1115 orrrso
342 1065 427 1134 friga,
439 1079 496 1113 euos
508 1063 802 1126 recommemorando,

151 1133 274 1196 Quolibet
284 1134 434 1201 infaustam
444 1132 537 1199 potius
549 1131 657 1200 deflecte
668 1133 810 1187 carinam.-

87 1201 139 1251 790
150 1203 290 1255 Litoribus
301 1220 429 1270 quaerere
440 1201 513 1252 eneis.
547 1200 591 1253 Sie
602 1201 668 1263 lata,
680 1203 783 1254 relictis

147 1273 264 1324 Exsiluit
274 1274 367 1323 stratis
377 1286 479 1332 aurens,
484 1277 674 1338 tormentaque
684 1272 758 1322 nulla

150 1343 213 1393 Vult
224 1342 332 1393 differre
342 1357 427 1392 mora.
454 1339 515 1391 Non
525 1342 622 1391 moesti
633 1346 747 1406 pectora
756 1340 853 1410 Magni

148 1410 269 1462 Sustinet
279 1411 404 1477 amplexu
414 1410 494 1471 dtulci,
505 1425 559 1459 non
570 1409 640 1460 oolla
650 1415 758 1461 tenere:

147 1482 345 1547 Extremusque
356 1480 427 1546 perit
436 1484 494 1528 tam
503 1478 577 1546 longi
588 1478 692 1528 fruetus
704 1480 819 1531 amoris:

86 1548 136 1598 ton
149 1550 386 1615 Praecipitantque
393 1563 457 1598 suos
463 1547 565 1597 luctus:
579 1546 885 1615 [neuterquereeetlene

147 1617 279 1667 Sustinuit
290 1618 398 1679 dixisse,
408 1615 500 1683 valet]
513 1619 648 1683 vitamque
660 1632 827 1683 peromnem

146 1684 227 1735 Nulla
237 1685 288 1735 fuit
298 1692 354 1737 tam
365 1691 471 1737 moesta
482 1686 547 1735 dies.
576 1685 646 1735 Nam
659 1692 752 1738 cetera
761 1687 862 1738 (lamna

149 1756 254 1804 Durata
263 1757 317 1805 iam
328 1761 419 1807 mente
429 1754 515 1815 malis,
528 1755 660 1822 firmaque
669 1756 798 1807 tulerunt.

149 1825 263 1875 trabitur
272 1824 374 1887 infelix,
386 1825 563 1892 manibusque
574 1831 690 1892 excepta
700 1841 812 1877 suorum

87 1893 138 1942 800
150 1894 248 1944 Fertur
258 1895 291 1944 ad
302 1910 461 1962 aequoreas,
473 1910 505 1944 ae
518 1909 547 1944 se
557 1896 714 1960 prosternit,
727 1910 834 1958 arenas,

151 1962 879 2030 Litoraqueipsatenet,tandemqueillatacarinaeest.

148 2029 208 2081 Non
220 2033 259 2082 sio
268 2031 362 2082 infelix
373 2033 490 2097 patriam
501 2038 649 2100 portusque
660 2033 768 2100 reliquit

150 2101 306 2167 Hesperios,
323 2102 397 2152 saevi
407 2107 562 2166 premerent
573 2118 634 2152 oum
647 2104 770 2153 Caesaris
782 2119 869 2153 arnna.

148 2172 216 2222 Fida
228 2187 319 2222 eomes
330 2171 423 2237 Magni
435 2170 510 2220 vadit
520 2170 589 2221 duce
599 2172 658 2221 sola
667 2171 772 2232 relicto,

88 2241 137 2289 8⁰5
150 2243 361 2306 Pompeiumque
372 2239 448 2306 fugit.
463 2239 600 2300 Quaenox
610 2241 886 2306 sibiproximaxenit,

148 2312 288 2360 insomnis.
317 2309 407 2359 Viduo
418 2314 475 2358 tum
485 2309 600 2373 primum
610 2309 709 2375 frigida
717 2310 800 2371 lecto,

148 2382 234 2446 Atque
243 2381 351 2428 insueta
361 2379 435 2444 quies
447 2379 502 2438 uni,
512 2377 674 2445 nudumque,
686 2380 785 2429 marito

150 2448 208 2497 Non
222 2447 361 2508 haerente,
373 2447 452 2496 latus.
472 2444 572 2497 Somno
585 2463 666 2514 quam
677 2455 886 2515 saepegranata

150 2518 278 2582 Deceptis
290 2531 405 2565 vacuum
417 2517 540 2567 manibus
552 2516 696 2582 complexa
711 2518 799 2568 cubile
812 2527 863 2579 est,

89 2585 138 2631 oto
153 2586 236 2650 atque
249 2586 333 2635 oblita
343 2584 424 2652 fugae
436 2587 568 2651 quaesivit
579 2592 660 2636 noete
670 2586 808 2638 pruritum!

152 2652 229 2713 Nam,
242 2653 349 2704 flamma
365 2656 484 2720 quamtis
493 2657 592 2706 tacitas
603 2664 718 2721 urgente
730 2656 874 2717 ntetlullas,
