1956 3106
218 153 387 205 GARMEN
413 154 467 205 Ab
494 152 694 206 PISONEM.
770 158 820 206 247
906 158 912 169 '

89 271 194 324 Bellica
205 272 285 323 turba
294 278 398 324 manet:
418 287 468 324 nec
479 278 540 324 tota
551 272 679 324 classicus
689 269 788 326 horror

89 340 179 392 Nocte
191 342 287 409 dieque
297 343 393 408 gemit:
412 357 462 392 nec
474 356 582 408 semper
594 342 721 392 Gnossius
733 356 797 393 arca
829 344 880 395 130

90 410 225 472 Destinat,
237 415 344 460 exemto
356 410 404 461 sed
414 410 491 461 laxat
500 425 603 470 cornua
612 424 705 461 nervo.

89 481 127 530 Et
136 478 216 547 galea
225 477 301 528 miles
312 484 402 545 caput,
414 485 443 530 ct
451 479 523 530 latus
533 494 596 531 cnse
607 479 727 530 resolvit.

89 550 153 614 lpsa
162 549 237 597 vices
247 554 345 596 natura
355 547 436 610 subit,
446 550 604 614 variataquc
616 562 710 599 cursus

91 616 215 677 ordinat,
226 615 339 666 inversis
350 622 378 666 et
388 616 528 668 frondibus
540 617 658 683 explicat
669 631 776 668 annum.

91 684 152 734 Non
163 698 270 749 semper
279 683 367 734 iluidis
380 686 527 752 adopertus
538 685 653 737 nubibus
665 683 760 737 aether
830 687 882 739 135
946 678 950 697 '

92 755 179 802 Aurea
190 752 315 804 terrillcis
327 753 459 806 obcaecat
469 755 560 823 sidera
569 755 674 806 nimbis.

91 823 187 872 Cessat
198 818 292 884 biems,
304 823 427 874 madidos
440 830 467 874 et
478 825 564 876 siccat
574 839 637 875 vere
649 824 773 890 capillos:

91 889 149 942 Ver
158 890 229 958 fugit
238 898 370 942 aestates:
390 898 524 943 aestatum
536 898 615 960 terga
624 893 736 945 lacessit

90 959 211 1010 Pomiier
223 965 379 1022 autumnus,
391 961 488 1012 nimbis
498 977 631 1024 cessurus,
644 967 672 1012 et
682 963 768 1014 undis.

89 1030 173 1096 Ignea
184 1030 247 1096 quin
258 1030 340 1080 etiam
351 1033 478 1095 superum
490 1036 567 1096 pater
578 1044 654 1080 arma
663 1030 796 1095 recondit,
830 1031 882 1082 110
954 1072 959 1079 .

91 1098 126 1147 at
139 1097 333 1163 Ganymedeae
343 1106 470 1164 repetens
483 1099 607 1148 convivia
615 1113 734 1161 mensae,

91 1166 194 1216 Pocula
204 1168 286 1217 sumit
295 1181 336 1229 ea,
348 1182 401 1234 qua
412 1168 497 1236 gessit
506 1166 627 1229 fulmina,
638 1167 743 1219 dextra.

89 1234 271 1300 Temporibus
283 1236 384 1287 servire
396 1236 488 1287 decet:
510 1237 553 1303 qui
565 1241 691 1302 tempora
701 1239 782 1288 certis

90 1303 259 1355 Ponderibus
270 1306 403 1370 pensavit,
414 1320 474 1356 eum
486 1306 508 1355 si
519 1303 592 1356 bella
602 1305 748 1369 vocabunt,

89 1371 168 1422 Miles
179 1373 244 1422 erits
261 1374 284 1424 si
296 1388 359 1439 pax,
371 1375 467 1440 positis
479 1380 545 1441 toga
555 1374 656 1441 gestiet
666 1376 757 1426 armis.
830 1376 881 1425 115
951 1408 953 1413 ,

91 1442 170 1490 Hunc
181 1440 241 1491 fora
253 1449 390 1508 pacatum,
401 1443 546 1495 bellantem
558 1448 650 1493 castra
660 1443 803 1495 debebunt.
942 1460 952 1475 ²

88 1510 165 1562 Felix
176 1511 222 1562 illa
232 1512 298 1573 dies,
310 1517 453 1581 totumque
465 1512 588 1564 canenda
598 1527 647 1578 per
659 1512 762 1577 orbem,

90 1581 166 1641 Quae
176 1580 234 1643 tibi,
247 1581 342 1632 vitales
354 1598 414 1632 cum
425 1582 539 1648 pn'mum
550 1581 672 1634 traderet
683 1596 773 1646 auras,

89 1648 210 1700 Contulit
218 1651 373 1702 innumeras
384 1652 458 1714 intra
468 1656 516 1700 tua
525 1657 640 1718 pectora
650 1651 737 1703 dotes.

88 1718 160 1766 Mira
170 1718 263 1769 subest
272 1723 392 1786 gravitas
401 1721 473 1770 inter
483 1718 556 1770 fora:
575 1721 668 1782 mirus,
679 1723 778 1772 ontissa
828 1720 880 1770 150

90 1783 232 1851 Paulisper
241 1789 390 1853 gravitate,
401 1788 486 1854 lepos.
515 1786 543 1837 Si
557 1789 678 1838 carmina
688 1788 760 1839 forte

90 1852 208 1904 Nectere
218 1853 321 1904 ludenti
332 1856 400 1906 iuvit
409 1853 543 1905 fluitantia
554 1870 643 1917 versu,

91 1922 202 1972 Aonium
215 1922 303 1973 facilis
314 1923 425 1974 deducit
435 1924 536 1990 pagina
547 1937 664 1974 carmen.

90 1988 152 2039 Sive
165 1986 261 2055 chelyn
272 1990 363 2058 digitis
373 1998 402 2042 et
412 1991 515 2042 eburno
525 1991 639 2042 verbere
650 1991 751 2058 pulsas,

91 2057 183 2108 Dulcis
193 2058 334 2124 Apollinea
343 2062 465 2128 sequitur
474 2059 611 2111 testudine
623 2066 728 2123 cantus,
830 2060 882 2111 155

90 2128 126 2176 Et
138 2132 165 2176 te
177 2127 304 2178 credibile
318 2134 359 2179 est
369 2127 482 2179 Phoebo
494 2129 621 2180 didicisse
631 2129 771 2197 magistro.

89 2194 147 2246 Nec
159 2196 261 2262 pudeat
273 2196 407 2263 pepulisse
418 2197 514 2262 lyram,
526 2212 586 2247 cum
598 2213 665 2264 pace
676 2211 773 2251 serena

89 2265 203 2316 Publica
212 2267 315 2316 securis
328 2266 463 2317 exsultent
475 2267 532 2317 otia
542 2268 631 2318 terris.
756 2306 759 2311 .

90 2333 148 2384 Nec
159 2335 270 2401 pudeat,
281 2333 411 2386 Phoebea
422 2332 516 2401 chelys
527 2335 549 2385 si
561 2336 680 2386 creditur
690 2334 743 2386 illis

89 2402 195 2452 Pulsari
206 2403 337 2467 manibus,
351 2403 446 2471 quibus
456 2409 485 2453 ct
495 2405 668 2455 contenditur
676 2419 764 2455 arcus.
830 2404 885 2456 100

89 2470 151 2534 lpse
163 2470 243 2521 fidem
256 2473 373 2523 movisse
384 2472 463 2522 ferox
475 2478 601 2524 narratur
612 2471 738 2537 Achilles,

90 2539 220 2599 Quamvis
232 2541 304 2591 mille
316 2547 390 2592 rates
403 2541 553 2592 Priameius
564 2548 657 2594 ureret
667 2541 759 2606 heros,

89 2608 126 2656 Et
137 2611 227 2674 gravis
238 2609 409 2677 obstreperet
420 2610 566 2680 modulatis
577 2611 693 2663 buccina
701 2611 800 2664 nervis.

39 2719 44 2731 ,
87 2676 137 2725 lllo
149 2676 227 2728 dulce
238 2679 324 2729 melos
336 2679 450 2730 Nereius
462 2680 558 2731 extulit
569 2679 649 2732 beros
