1956 3106
152 159 187 210 to
327 158 365 209 Μ’.
401 156 501 208 sn‘N.
537 154 720 209 LUCANI

154 277 261 329 Pallida
271 277 405 339 Dictaeis,
417 278 527 339 Caesar,
538 276 680 327 nascentia
689 276 762 326 saxis

154 346 283 399 infundas
295 349 405 398 aconita
415 346 514 412 palam,
525 345 649 396 Romana
657 346 784 395 iuventus

152 414 215 466 Non
228 416 345 483 decepta
353 415 436 466 bibet.
466 417 620 465 Torrentur
630 415 736 464 viscera
745 411 868 477 flamma,

93 485 143 536 325
156 486 266 554 Oraque
276 487 351 536 sicca
361 486 450 551 rigent
460 485 612 550 squamosis
624 498 722 549 aspera
731 482 839 549 linguis.

153 557 212 606 lam
221 558 346 605 marcent
355 568 450 615 venae,
463 553 590 619 nulloque
602 551 715 601 humore
725 552 831 619 rigatus

152 625 230 674 Aeris
241 623 361 673 alternos
376 628 505 688 angustat
514 622 606 687 pulmo
619 627 732 682 meatus,

153 693 334 758 Rescissoque
344 697 446 742 nocent
456 691 572 756 suspiria
584 690 652 739 dura
662 690 754 756 palato

154 760 280 810 Pandunt
291 775 340 810 ora
351 767 452 823 tamen,
464 766 682 826 nocturnumque
694 774 760 809 acra
771 765 889 827 captant.

93 827 889 895 330Exspectantimbres‚quorummodocunctanatabant

155 899 283 964 impulsu,
295 905 323 949 et
334 900 414 949 siccis
425 898 514 949 voltus
525 898 553 948 in
564 896 679 948 nubibus
691 896 814 950 haerent.

155 968 270 1035 Quoque
281 969 368 1035 magis
379 968 494 1019 miseros
504 967 592 1017 undae
603 968 704 1017 ieiunia
715 968 832 1032 solvant,

153 1036 216 1086 Non
227 1052 310 1103 super
323 1044 445 1089 arentem
456 1038 580 1099 Meroen,
594 1037 745 1103 Cancrique
756 1038 807 1088 sub
819 1052 881 1101 axe,

156 1106 217 1166 Qua
227 1107 290 1157 nudi
303 1107 484 1158 Garamantes
496 1114 583 1168 arant,
595 1106 704 1157 sedere:
715 1105 764 1157 sed
773 1108 846 1158 inter

93 1172 889 1242 335StaguantemSicorinr,etrapidumdeprens'usiberum

155 1243 269 1312 Spectat
278 1248 382 1297 vicinos
393 1247 487 1296 sitiens
500 1247 635 1296 exercitus
648 1260 749 1295 amnes.

205 1316 262 1365 lam
274 1315 369 1366 domiti
381 1331 489 1366 cessere
500 1314 596 1365 duces:
608 1315 737 1381 pacisque
747 1315 883 1380 petendae

154 1387 257 1434 Auctor
268 1385 404 1435 damnatis
415 1385 530 1450 supplex
541 1383 667 1434 Afranius
679 1385 770 1446 armis,

154 1452 332 1504 Semianimes
343 1456 371 1504 in
383 1460 474 1504 castra
483 1451 595 1504 trahens
609 1451 719 1504 hostilia
729 1459 840 1518 turmas,

93 1522 143 1572 340
157 1523 275 1573 Victoris
287 1524 364 1573 stetit
376 1529 439 1571 ante
451 1523 542 1588 pedes.
572 1520 688 1572 Servata
699 1525 824 1589 precanti

152 1593 284 1640 Maiestas
295 1607 350 1641 non
362 1591 451 1641 fracta
461 1592 547 1653 malis,
558 1593 683 1659 interque
694 1593 814 1659 priorem

155 1661 305 1709 Fortunam
317 1676 450 1726 casusque
462 1676 557 1723 novos,
568 1663 640 1728 gerit
653 1663 744 1712 omnia
753 1663 828 1726 victi,

154 1727 207 1778 Sed
220 1729 307 1791 ducis,
318 1740 345 1780 et
357 1731 463 1780 reniam
476 1745 574 1781 securo
585 1738 698 1796 pectore
708 1732 811 1797 poscit:

207 1797 237 1848 Si
249 1815 288 1847 me
299 1799 425 1866 degeneri
435 1800 593 1852 stravissent
600 1801 668 1871 sata
679 1801 726 1851 sub
737 1799 822 1862 hoste,

92 1867 143 1918 345
155 1867 214 1918 Non
225 1869 412 1938 deeratfortis
425 1869 556 1935 rapiendo
568 1871 680 1921 dextera
692 1873 760 1921 leto:

154 1935 192 1986 Ait
203 1953 274 1987 nnnc
284 1939 340 1987 sola
352 1937 417 1986 nriii
430 1950 468 1989 est
480 1941 597 1990 orandae
611 1955 693 1990 causa
705 1939 810 2003 salutis,

153 2003 275 2072 Dignum
288 2007 423 2069 donanda,
437 2006 546 2069 Caesar,
559 2019 585 2060 te
597 2010 706 2060 credere
716 2009 782 2059 cite.

152 2074 212 2126 Non
218 2075 309 2141 pertis
320 2076 416 2127 studiis
427 2078 535 2142 agimur
546 2095 593 2130 nec
604 2078 743 2129 surnsimns
754 2095 832 2130 arma

153 2142 278 2195 Consiliis
288 2145 400 2198 inimica
411 2148 474 2198 tuis.
501 2147 554 2199 Nos
567 2148 677 2215 denique
689 2146 783 2197 belluna

91 2217 141 2267 350
152 2214 260 2266 Invenit
271 2215 348 2267 civile
360 2217 446 2278 duces,
458 2233 618 2282 caussaeque
626 2214 724 2283 priori,

151 2280 226 2335 Dum
235 2284 336 2350 potnit,
349 2295 457 2337 servata
463 2286 544 2354 fides.
573 2284 692 2356 Misera
702 2300 858 2340 sacramur:

154 2352 301 2405 Tradirnns
312 2355 460 2422 Hesperias
467 2367 570 2423 gentes,
581 2354 714 2421 aperientes
724 2354 807 2417 ans,

152 2423 332 2491 Securumque
344 2426 415 2476 orbis
423 2425 546 2493 patimur
554 2434 617 2490 post
628 2434 706 2492 terga
717 2425 817 2476 relicti.

151 2494 206 2545 Nec
217 2510 299 2545 creor
310 2492 411 2561 effusus
422 2495 524 2560 campis
535 2493 586 2547 tibi
597 2494 666 2544 bella
676 2495 795 2562 peregit,

88 2563 140 2613 355
151 2563 207 2615 Nec
213 2565 332 2634 serrum,
347 2567 589 2632 lassaequemanus.
602 2547 786 2623 Hociostiins
797 2582 889 2626 unuin,

153 2631 231 2692 Quod
242 2633 342 2694 eiricus,
354 2635 461 2702 ignosce
477 2634 541 2685 tuis.
574 2632 628 2685 Nec
638 2651 738 2702 niagno
748 2645 889 2703 petantur·

153 2699 219 2752 (itia
231 2702 374 2772 desfessis,
387 2704 471 2755 citam
479 2703 599 2771 patiaris
609 2705 721 2757 inermes
