1956 3106
213 183 499 236 l’tltlltstlhln.
536 146 707 237 oravi.
776 184 828 236 aas
889 186 892 192 ’

90 305 127 358 aa·
137 322 199 358 vero
211 304 371 374 Stygiaeque
382 305 465 366 lacus,
475 301 615 369 ripamque
627 313 765 355 tonantem

93 375 207 441 Ignibus
216 373 361 434 ostendam,
371 371 395 421 ti
405 388 445 423 me
453 379 596 438 praesente
607 370 691 423 rideri

90 443 257 498 Eumenides
266 449 382 508 possent,
395 440 540 505 vitiosaque
551 442 621 491 coitu
632 440 748 492 colubris

93 513 226 565 Cerberus
236 509 381 571 excutient,
394 518 420 560 et
431 509 515 561 uincti
528 518 608 578 terga
623 509 773 578 Gigantum·
835 510 884 562 665

90 582 160 646 Quis
172 581 261 643 timor,
272 579 375 648 ignavi,
385 587 530 629 metuentes
542 594 649 630 eernere
660 579 768 630 ananeel

145 651 265 702 Pectora
272 649 458 714 tuncprirnum
467 646 581 698 ferventi
590 649 720 714 sanguine
727 649 835 716 supplet

92 719 256 772 Vulneribus
267 718 360 768 laxata
370 718 460 767 noris:
485 715 604 784 taboque
615 716 747 769 medullas

88 788 196 840 abluit:
220 794 249 839 et
258 787 331 837 ritus
342 786 417 853 large
426 786 522 835 lunare
532 785 674 836 ministrat,

92 859 155 908 Huc
167 855 295 925 quidquid
306 853 364 905 letu
374 855 468 921 genuit
479 859 578 904 natura
587 854 695 907 sinistro
835 854 886 906 oto

92 927 233 977 Miscetur.
256 924 318 976 Non
329 938 426 989 spuma
438 936 543 985 canum,
556 923 651 990 quibus
662 923 735 974 unda
746 923 826 975 timo-

566 992 589 1042 η’
600 996 651 1053 est,

95 1062 208 1112 Viscera
217 1076 270 1112 non
282 1059 380 1126 lyncis,
394 1074 447 1109 non
459 1058 534 1109 dirae
544 1058 632 1110 nodus
642 1057 767 1124 hyaenae

91 1129 197 1192 Delult,
208 1135 237 1180 et
247 1130 320 1180 cerri
330 1129 400 1194 posti
412 1131 539 1193 serpente
550 1127 680 1178 medullae

92 1199 154 1251 Non
165 1198 276 1264 puppim
288 1199 416 1258 retinens,
428 1197 503 1246 Euro
516 1196 644 1246 tendente
656 1195 793 1260 rudentes,

91 1269 123 1318 ln
134 1266 231 1316 mediis
242 1264 368 1316 echeneis
381 1266 467 1332 aquis,
479 1263 603 1331 oculique
614 1265 772 1329 draconum,
836 1265 886 1317 ota

94 1336 224 1400 Quaeque
236 1339 335 1384 sonant
345 1332 402 1385 leta
413 1332 553 1401 tepefacta
564 1333 613 1384 sub
625 1333 688 1384 alite
701 1348 781 1385 saxa:

90 1403 154 1454 Non
163 1401 281 1453 Arabum
292 1402 402 1454 volucer
412 1417 533 1469 serpens,
543 1402 690 1470 innataque
701 1403 791 1454 rubris

90 1472 260 1541 Aequoribus
272 1478 365 1523 custos
375 1473 513 1539 pretiosae
524 1473 618 1538 uipera
629 1468 764 1522 conchae:

89 1542 269 1593 Autnirentis
280 1539 369 1592 adhuc
379 1541 479 1608 Libyci
489 1541 646 1592 membrana
657 1546 791 1605 cerastae,

89 1611 222 1662 tlutcinis
234 1611 294 1662 an
306 1611 388 1678 positi
399 1608 581 1662 Phoenicisln
593 1626 650 1661 ara.
834 1611 883 1665 686

85 1681 152 1742 *Quo
163 1685 309 1747 postquam
318 1679 394 1742 viles,
407 1695 457 1732 nec
469 1678 601 1731 habentes
611 1680 722 1730 nomina
733 1685 825 1747 pestes

91 1749 227 1800 Contulitz
248 1747 360 1799 infando
372 1754 510 1800 saturatas
521 1749 640 1800 carmine
651 1748 772 1810 frondes,

90 1820 136 1879 Et,
150 1816 247 1884 quibus
257 1832 288 1867 os
298 1816 386 1867 dirum
399 1817 573 1869 nascentibus
583 1818 695 1883 inspuit,
707 1815 806 1867 herbas

89 1885 208 1947 Addidit,
220 1890 249 1935 et
258 1885 387 1952 quidquid
398 1886 497 1937 mundo
509 1886 585 1937 dedit
593 1887 654 1952 ipsa
663 1886 772 1939 ueneni:

84 1956 170 2006 'Tunc
180 1967 243 2015 vox,
253 1950 393 2004 Lethaeos
406 1957 510 2007 cunetis
522 1953 669 2021 pollentior
680 1954 771 2005 herbis
833 1951 883 2004 685

90 2025 247 2075 Excantare
256 2021 332 2083 deos,
345 2021 469 2074 confudit
478 2039 617 2074 murmura
628 2024 744 2090 primunr

90 2093 218 2154 Dissonar,
231 2096 260 2142 et
269 2087 403 2142 humanae
415 2091 528 2142 multum
540 2092 678 2142 discordia
686 2091 803 2158 linguae.

88 2162 222 2212 Latratus
232 2157 317 2210 habet
325 2158 484 2223 illacanum,
497 2161 680 2228 gemitumque
685 2160 825 2225 luporum:

91 2230 170 2292 Quod
177 2228 459 2296 trepidusbubo,quod
465 2229 834 2295 strixnocturnaqueruntur,

91 2299 169 2361 Quod
176 2297 619 2365 striduntululantqueferae,quod
628 2298 826 2365 sibilatenguis,
835 2294 886 2348 696

90 2369 234 2436 Exprimit,
247 2373 276 2419 et
285 2366 410 2433 planctus
423 2366 510 2418 illisae
522 2366 646 2417 cautibus
660 2367 758 2427 undae,

91 2436 279 2504 Silvarumque
290 2452 395 2499 sonurn,
406 2435 567 2502 fractaeque
580 2438 701 2486 tonitrua
711 2437 798 2488 nubis.

88 2507 149 2556 'lot
159 2520 249 2556 rerum
261 2519 314 2556 rox
325 2521 378 2556 unu
389 2504 449 2555 mit.
477 2506 544 2556 Mox
557 2511 649 2556 cetera
661 2510 742 2556 crustu

91 2574 391 2641 ExplicatHoemonio,
401 2575 614 2642 penetratquein
622 2575 844 2643 'l'artaralingum

91 2640 262 2704 Eumenides,
279 2641 453 2713 Stygiumque
463 2644 550 2715 nefor,
557 2659 711 2711 poenaeque
728 2661 822 2697 noeen·
834 2643 887 2696 695
941 2697 950 2722 ³

566 2722 639 2764 tum:
