<?xml version="1.0" encoding="UTF-8"?>
<!DOCTYPE html PUBLIC "-//W3C//DTD XHTML 1.0 Transitional//EN"
    "http://www.w3.org/TR/xhtml1/DTD/xhtml1-transitional.dtd">
<html xmlns="http://www.w3.org/1999/xhtml" xml:lang="en" lang="en">
 <head>
  <title>
</title>
<meta http-equiv="Content-Type" content="text/html;charset=utf-8" />
  <meta name='ocr-system' content='tesseract 3.04.00' />
  <meta name='ocr-capabilities' content='ocr_page ocr_carea ocr_par ocr_line ocrx_word'/>
</head>
<body>
  <div class='ocr_page' id='page_1' title='image "./mannaeilucaniph01lucagoog_0215.png"; bbox 0 0 1956 3106; ppageno 0'>
   <div class='ocr_carea' id='block_1_1' title="bbox 78 141 705 196">
    <p class='ocr_par' dir='ltr' id='par_1_1' title="bbox 78 141 705 196">
     <span class='ocr_line' id='line_1_1' title="bbox 78 141 705 196; baseline -0.006 1"><span class='ocrx_word' id='word_1_1' title='bbox 78 150 81 159; x_wconf 92' lang='lat'>&#39;</span> <span class='ocrx_word' id='word_1_2' title='bbox 140 145 192 196; x_wconf 78' lang='grc'><strong>200</strong></span> <span class='ocrx_word' id='word_1_3' title='bbox 314 144 353 195; x_wconf 89' lang='grc' dir='ltr'><strong>Μ.</strong></span> <span class='ocrx_word' id='word_1_4' title='bbox 388 143 489 196; x_wconf 88' lang='lat' dir='ltr'><strong>ANN.</strong></span> <span class='ocrx_word' id='word_1_5' title='bbox 525 141 705 195; x_wconf 81' lang='lat' dir='ltr'><strong>LUCANl</strong></span> 
     </span>
    </p>
   </div>
   <div class='ocr_carea' id='block_1_2' title="bbox 20 252 926 2755">
    <p class='ocr_par' dir='ltr' id='par_1_2' title="bbox 83 252 887 535">
     <span class='ocr_line' id='line_1_2' title="bbox 83 252 887 332; baseline -0.002 -17"><span class='ocrx_word' id='word_1_6' title='bbox 83 268 98 283; x_wconf 83' lang='grc'><strong>“’</strong></span> <span class='ocrx_word' id='word_1_7' title='bbox 144 265 244 332; x_wconf 89' lang='lat' dir='ltr'><strong>Vergit</strong></span> <span class='ocrx_word' id='word_1_8' title='bbox 254 265 282 314; x_wconf 93' lang='lat' dir='ltr'><strong>in</strong></span> <span class='ocrx_word' id='word_1_9' title='bbox 294 278 424 314; x_wconf 80' lang='lat' dir='ltr'><strong>occasus:</strong></span> <span class='ocrx_word' id='word_1_10' title='bbox 443 262 491 313; x_wconf 88' lang='lat' dir='ltr'><strong>sed</strong></span> <span class='ocrx_word' id='word_1_11' title='bbox 503 271 531 313; x_wconf 92' lang='lat' dir='ltr'><strong>et</strong></span> <span class='ocrx_word' id='word_1_12' title='bbox 541 260 611 313; x_wconf 90' lang='lat' dir='ltr'><strong>haec</strong></span> <span class='ocrx_word' id='word_1_13' title='bbox 621 277 676 313; x_wconf 93' lang='lat' dir='ltr'><strong>non</strong></span> <span class='ocrx_word' id='word_1_14' title='bbox 687 260 810 312; x_wconf 82' lang='lat' dir='ltr'><strong>fontibus</strong></span> <span class='ocrx_word' id='word_1_15' title='bbox 820 252 887 313; x_wconf 73' lang='lat' dir='ltr'><strong>ubit</strong></span> 
     </span>
     <span class='ocr_line' id='line_1_3' title="bbox 146 331 795 398; baseline -0.006 -14"><span class='ocrx_word' id='word_1_16' title='bbox 146 331 280 385; x_wconf 84' lang='lat' dir='ltr'><strong>Solvitur:</strong></span> <span class='ocrx_word' id='word_1_17' title='bbox 301 334 417 383; x_wconf 87' lang='lat' dir='ltr'><strong>Arctoos</strong></span> <span class='ocrx_word' id='word_1_18' title='bbox 429 333 497 381; x_wconf 88' lang='lat' dir='ltr'><strong>raris</strong></span> <span class='ocrx_word' id='word_1_19' title='bbox 507 332 684 398; x_wconf 75' lang='lat' dir='ltr'><strong>Aquilonibus</strong></span> <span class='ocrx_word' id='word_1_20' title='bbox 693 331 795 381; x_wconf 90' lang='lat' dir='ltr'><strong>imbres</strong></span> 
     </span>
     <span class='ocr_line' id='line_1_4' title="bbox 144 400 770 467; baseline -0.006 -15"><span class='ocrx_word' id='word_1_21' title='bbox 144 402 261 467; x_wconf 75' lang='lat' dir='ltr'><strong>Accipit,</strong></span> <span class='ocrx_word' id='word_1_22' title='bbox 272 406 301 451; x_wconf 86' lang='lat' dir='ltr'><strong>et</strong></span> <span class='ocrx_word' id='word_1_23' title='bbox 311 401 412 451; x_wconf 90' lang='lat' dir='ltr'><strong>nostris</strong></span> <span class='ocrx_word' id='word_1_24' title='bbox 423 400 512 450; x_wconf 86' lang='lat' dir='ltr'><strong>reiicit</strong></span> <span class='ocrx_word' id='word_1_25' title='bbox 523 415 574 450; x_wconf 88' lang='lat' dir='ltr'><strong>sua</strong></span> <span class='ocrx_word' id='word_1_26' title='bbox 584 416 648 451; x_wconf 88' lang='lat' dir='ltr'><strong>rura</strong></span> <span class='ocrx_word' id='word_1_27' title='bbox 659 400 770 450; x_wconf 89' lang='lat' dir='ltr'><strong>serenis.</strong></span> 
     </span>
     <span class='ocr_line' id='line_1_5' title="bbox 146 470 822 535; baseline -0.006 -14"><span class='ocrx_word' id='word_1_28' title='bbox 146 473 176 521; x_wconf 96' lang='lat' dir='ltr'><strong>ln</strong></span> <span class='ocrx_word' id='word_1_29' title='bbox 188 470 275 521; x_wconf 87' lang='lat' dir='ltr'><strong>nullas</strong></span> <span class='ocrx_word' id='word_1_30' title='bbox 285 470 398 519; x_wconf 88' lang='lat' dir='ltr'><strong>vitiatur</strong></span> <span class='ocrx_word' id='word_1_31' title='bbox 408 482 488 533; x_wconf 79' lang='lat' dir='ltr'><strong>opcs3</strong></span> <span class='ocrx_word' id='word_1_32' title='bbox 500 483 555 518; x_wconf 91' lang='lat' dir='ltr'><strong>non</strong></span> <span class='ocrx_word' id='word_1_33' title='bbox 569 484 641 530; x_wconf 90' lang='lat' dir='ltr'><strong>aere,</strong></span> <span class='ocrx_word' id='word_1_34' title='bbox 654 482 742 535; x_wconf 87' lang='lat' dir='ltr'><strong>neque</strong></span> <span class='ocrx_word' id='word_1_35' title='bbox 753 481 822 518; x_wconf 89' lang='lat' dir='ltr'><strong>auro</strong></span> 
     </span>
    </p>

    <p class='ocr_par' dir='ltr' id='par_1_3' title="bbox 20 537 790 606">
     <span class='ocr_line' id='line_1_6' title="bbox 20 537 790 606; baseline -0.005 -17"><span class='ocrx_word' id='word_1_36' title='bbox 20 566 27 575; x_wconf 79' lang='lat'><em>=</em></span> <span class='ocrx_word' id='word_1_37' title='bbox 84 541 137 589; x_wconf 76' lang='lat'><strong>425</strong></span> <span class='ocrx_word' id='word_1_38' title='bbox 149 539 329 606; x_wconf 84' lang='lat' dir='ltr'><strong>Excoquitur,</strong></span> <span class='ocrx_word' id='word_1_39' title='bbox 341 537 412 586; x_wconf 94' lang='lat' dir='ltr'><strong>nullo</strong></span> <span class='ocrx_word' id='word_1_40' title='bbox 423 537 564 603; x_wconf 74' lang='lat' dir='ltr'><strong>glebarum</strong></span> <span class='ocrx_word' id='word_1_41' title='bbox 578 538 699 599; x_wconf 85' lang='lat' dir='ltr'><strong>crimine,</strong></span> <span class='ocrx_word' id='word_1_42' title='bbox 711 551 790 602; x_wconf 89' lang='lat' dir='ltr'><strong>pura,</strong></span> 
     </span>
    </p>

    <p class='ocr_par' dir='ltr' id='par_1_4' title="bbox 146 603 826 806">
     <span class='ocr_line' id='line_1_7' title="bbox 146 603 826 674; baseline -0.004 -16"><span class='ocrx_word' id='word_1_43' title='bbox 146 609 184 658; x_wconf 87' lang='lat' dir='ltr'><strong>Et</strong></span> <span class='ocrx_word' id='word_1_44' title='bbox 193 609 302 674; x_wconf 91' lang='lat' dir='ltr'><strong>penitus</strong></span> <span class='ocrx_word' id='word_1_45' title='bbox 311 612 386 657; x_wconf 89' lang='lat' dir='ltr'><strong>terra</strong></span> <span class='ocrx_word' id='word_1_46' title='bbox 397 612 447 655; x_wconf 88' lang='lat' dir='ltr'><strong>est.</strong></span> <span class='ocrx_word' id='word_1_47' title='bbox 466 607 587 657; x_wconf 76' lang='lat' dir='ltr'><strong>&#39;l&#39;antum</strong></span> <span class='ocrx_word' id='word_1_48' title='bbox 599 607 741 657; x_wconf 86' lang='lat' dir='ltr'><strong>Maurusia</strong></span> <span class='ocrx_word' id='word_1_49' title='bbox 749 603 826 672; x_wconf 78' lang='lat' dir='ltr'><strong>genti</strong></span> 
     </span>
     <span class='ocr_line' id='line_1_8' title="bbox 146 676 820 741; baseline -0.003 -15"><span class='ocrx_word' id='word_1_50' title='bbox 146 677 259 728; x_wconf 79' lang='lat' dir='ltr'><strong>Robora</strong></span> <span class='ocrx_word' id='word_1_51' title='bbox 270 676 395 736; x_wconf 88' lang='lat' dir='ltr'><strong>divitiae,</strong></span> <span class='ocrx_word' id='word_1_52' title='bbox 406 690 521 741; x_wconf 87' lang='lat' dir='ltr'><strong>quarum</strong></span> <span class='ocrx_word' id='word_1_53' title='bbox 533 690 587 725; x_wconf 93' lang='lat' dir='ltr'><strong>non</strong></span> <span class='ocrx_word' id='word_1_54' title='bbox 598 681 713 725; x_wconf 88' lang='lat' dir='ltr'><strong>noverat</strong></span> <span class='ocrx_word' id='word_1_55' title='bbox 722 688 820 724; x_wconf 75' lang='lat' dir='ltr'><strong>usums</strong></span> 
     </span>
     <span class='ocr_line' id='line_1_9' title="bbox 147 742 809 806; baseline -0.006 -9"><span class='ocrx_word' id='word_1_56' title='bbox 147 745 202 797; x_wconf 87' lang='lat' dir='ltr'><strong>Sed</strong></span> <span class='ocrx_word' id='word_1_57' title='bbox 214 747 276 796; x_wconf 93' lang='lat' dir='ltr'><strong>citri</strong></span> <span class='ocrx_word' id='word_1_58' title='bbox 288 749 418 794; x_wconf 88' lang='lat' dir='ltr'><strong>contenta</strong></span> <span class='ocrx_word' id='word_1_59' title='bbox 429 746 515 794; x_wconf 88' lang='lat' dir='ltr'><strong>comis</strong></span> <span class='ocrx_word' id='word_1_60' title='bbox 525 742 644 806; x_wconf 79' lang='lat' dir='ltr'><strong>vivebat,</strong></span> <span class='ocrx_word' id='word_1_61' title='bbox 656 749 684 794; x_wconf 94' lang='lat' dir='ltr'><strong>et</strong></span> <span class='ocrx_word' id='word_1_62' title='bbox 696 743 809 794; x_wconf 81' lang='lat' dir='ltr'><strong>umbris.</strong></span> 
     </span>
    </p>

    <p class='ocr_par' dir='ltr' id='par_1_5' title="bbox 146 814 782 880">
     <span class='ocr_line' id='line_1_10' title="bbox 146 814 782 880; baseline -0.005 -14"><span class='ocrx_word' id='word_1_63' title='bbox 146 816 177 866; x_wconf 91' lang='lat' dir='ltr'><strong>ln</strong></span> <span class='ocrx_word' id='word_1_64' title='bbox 191 829 285 865; x_wconf 90' lang='lat' dir='ltr'><strong>nemus</strong></span> <span class='ocrx_word' id='word_1_65' title='bbox 294 814 417 880; x_wconf 89' lang='lat' dir='ltr'><strong>ignotum</strong></span> <span class='ocrx_word' id='word_1_66' title='bbox 429 821 541 864; x_wconf 84' lang='lat' dir='ltr'><strong>nostrae</strong></span> <span class='ocrx_word' id='word_1_67' title='bbox 552 827 650 863; x_wconf 86' lang='lat' dir='ltr'><strong>venere</strong></span> <span class='ocrx_word' id='word_1_68' title='bbox 661 827 782 875; x_wconf 84' lang='lat' dir='ltr'><strong>secures,</strong></span> 
     </span>
    </p>

    <p class='ocr_par' dir='ltr' id='par_1_6' title="bbox 87 878 871 1227">
     <span class='ocr_line' id='line_1_11' title="bbox 87 878 859 950; baseline -0.001 -17"><span class='ocrx_word' id='word_1_69' title='bbox 87 883 138 933; x_wconf 85' lang='grc'><strong>430</strong></span> <span class='ocrx_word' id='word_1_70' title='bbox 149 885 335 949; x_wconf 80' lang='lat' dir='ltr'><strong>Extremoque</strong></span> <span class='ocrx_word' id='word_1_71' title='bbox 347 882 440 948; x_wconf 88' lang='lat' dir='ltr'><strong>epulas</strong></span> <span class='ocrx_word' id='word_1_72' title='bbox 452 897 613 950; x_wconf 83' lang='lat' dir='ltr'><strong>mensasque</strong></span> <span class='ocrx_word' id='word_1_73' title='bbox 625 882 769 949; x_wconf 78' lang='lat' dir='ltr'><strong>petivimus</strong></span> <span class='ocrx_word' id='word_1_74' title='bbox 781 878 859 932; x_wconf 81' lang='lat' dir='ltr'><strong>orbo.</strong></span> 
     </span>
     <span class='ocr_line' id='line_1_12' title="bbox 146 951 871 1020; baseline -0.001 -17"><span class='ocrx_word' id='word_1_75' title='bbox 146 955 182 1003; x_wconf 95' lang='lat' dir='ltr'><strong>At</strong></span> <span class='ocrx_word' id='word_1_76' title='bbox 193 966 380 1020; x_wconf 85' lang='lat' dir='ltr'><strong>quaecumque</strong></span> <span class='ocrx_word' id='word_1_77' title='bbox 392 967 488 1020; x_wconf 85' lang='lat' dir='ltr'><strong>vagam</strong></span> <span class='ocrx_word' id='word_1_78' title='bbox 501 951 602 1018; x_wconf 83' lang='lat' dir='ltr'><strong>Syrtim</strong></span> <span class='ocrx_word' id='word_1_79' title='bbox 614 951 807 1018; x_wconf 74' lang='lat' dir='ltr'><strong>complectitur</strong></span> <span class='ocrx_word' id='word_1_80' title='bbox 817 956 871 1002; x_wconf 63' lang='lat' dir='ltr'><strong>ori</strong></span> 
     </span>
     <span class='ocr_line' id='line_1_13' title="bbox 149 1021 718 1088; baseline -0.002 -16"><span class='ocrx_word' id='word_1_81' title='bbox 149 1021 204 1073; x_wconf 87' lang='lat' dir='ltr'><strong>Sub</strong></span> <span class='ocrx_word' id='word_1_82' title='bbox 217 1022 299 1072; x_wconf 87' lang='lat' dir='ltr'><strong>nimio</strong></span> <span class='ocrx_word' id='word_1_83' title='bbox 311 1029 440 1087; x_wconf 90' lang='lat' dir='ltr'><strong>porrecta</strong></span> <span class='ocrx_word' id='word_1_84' title='bbox 450 1022 504 1085; x_wconf 88' lang='lat' dir='ltr'><strong>die,</strong></span> <span class='ocrx_word' id='word_1_85' title='bbox 515 1022 604 1073; x_wconf 79' lang='lat' dir='ltr'><strong>vicina</strong></span> <span class='ocrx_word' id='word_1_86' title='bbox 616 1022 718 1088; x_wconf 87' lang='lat' dir='ltr'><strong>perusti</strong></span> 
     </span>
     <span class='ocr_line' id='line_1_14' title="bbox 148 1087 821 1157; baseline 0 -16"><span class='ocrx_word' id='word_1_87' title='bbox 148 1089 282 1154; x_wconf 83' lang='lat' dir='ltr'><strong>Aetheris,</strong></span> <span class='ocrx_word' id='word_1_88' title='bbox 295 1092 384 1141; x_wconf 83' lang='lat' dir='ltr'><strong>exurit</strong></span> <span class='ocrx_word' id='word_1_89' title='bbox 393 1107 505 1153; x_wconf 86' lang='lat' dir='ltr'><strong>messes,</strong></span> <span class='ocrx_word' id='word_1_90' title='bbox 517 1098 546 1142; x_wconf 90' lang='lat' dir='ltr'><strong>et</strong></span> <span class='ocrx_word' id='word_1_91' title='bbox 557 1092 666 1157; x_wconf 86' lang='lat' dir='ltr'><strong>pulvere</strong></span> <span class='ocrx_word' id='word_1_92' title='bbox 680 1087 821 1142; x_wconf 77' lang='lat' dir='ltr'><strong>llaccb&#39;um</strong></span> 
     </span>
     <span class='ocr_line' id='line_1_15' title="bbox 149 1160 715 1227; baseline -0.002 -16"><span class='ocrx_word' id='word_1_93' title='bbox 149 1162 264 1223; x_wconf 80' lang='lat' dir='ltr'><strong>Essent,</strong></span> <span class='ocrx_word' id='word_1_94' title='bbox 276 1168 303 1212; x_wconf 93' lang='lat' dir='ltr'><strong>et</strong></span> <span class='ocrx_word' id='word_1_95' title='bbox 315 1161 387 1211; x_wconf 91' lang='lat' dir='ltr'><strong>nulla</strong></span> <span class='ocrx_word' id='word_1_96' title='bbox 397 1163 483 1227; x_wconf 84' lang='lat' dir='ltr'><strong>putris</strong></span> <span class='ocrx_word' id='word_1_97' title='bbox 496 1160 587 1210; x_wconf 79' lang='lat' dir='ltr'><strong>radice</strong></span> <span class='ocrx_word' id='word_1_98' title='bbox 599 1167 715 1211; x_wconf 87' lang='lat' dir='ltr'><strong>tenetur.</strong></span> 
     </span>
    </p>

    <p class='ocr_par' dir='ltr' id='par_1_7' title="bbox 89 1229 926 1574">
     <span class='ocr_line' id='line_1_16' title="bbox 89 1229 758 1297; baseline -0.001 -18"><span class='ocrx_word' id='word_1_99' title='bbox 89 1231 140 1279; x_wconf 82' lang='lat'><strong>435</strong></span> <span class='ocrx_word' id='word_1_100' title='bbox 151 1231 311 1297; x_wconf 83' lang='lat' dir='ltr'><strong>Temperies</strong></span> <span class='ocrx_word' id='word_1_101' title='bbox 322 1231 411 1281; x_wconf 89' lang='lat' dir='ltr'><strong>vitalis</strong></span> <span class='ocrx_word' id='word_1_102' title='bbox 422 1230 513 1281; x_wconf 86' lang='lat' dir='ltr'><strong>abest:</strong></span> <span class='ocrx_word' id='word_1_103' title='bbox 526 1235 555 1280; x_wconf 91' lang='lat' dir='ltr'><strong>et</strong></span> <span class='ocrx_word' id='word_1_104' title='bbox 568 1229 640 1280; x_wconf 90' lang='lat' dir='ltr'><strong>nulla</strong></span> <span class='ocrx_word' id='word_1_105' title='bbox 651 1230 700 1280; x_wconf 90' lang='lat' dir='ltr'><strong>sub</strong></span> <span class='ocrx_word' id='word_1_106' title='bbox 710 1229 758 1279; x_wconf 88' lang='lat' dir='ltr'><strong>illa</strong></span> 
     </span>
     <span class='ocr_line' id='line_1_17' title="bbox 150 1299 784 1364; baseline -0.005 -14"><span class='ocrx_word' id='word_1_107' title='bbox 150 1301 222 1350; x_wconf 86' lang='lat' dir='ltr'><strong>Cura</strong></span> <span class='ocrx_word' id='word_1_108' title='bbox 232 1300 304 1349; x_wconf 87' lang='lat' dir='ltr'><strong>lovis</strong></span> <span class='ocrx_word' id='word_1_109' title='bbox 314 1306 388 1349; x_wconf 90' lang='lat' dir='ltr'><strong>terra</strong></span> <span class='ocrx_word' id='word_1_110' title='bbox 401 1306 457 1350; x_wconf 88' lang='lat' dir='ltr'><strong>est:</strong></span> <span class='ocrx_word' id='word_1_111' title='bbox 476 1304 575 1349; x_wconf 87' lang='lat' dir='ltr'><strong>natura</strong></span> <span class='ocrx_word' id='word_1_112' title='bbox 584 1299 677 1349; x_wconf 80' lang='lat' dir='ltr'><strong>deside</strong></span> <span class='ocrx_word' id='word_1_113' title='bbox 689 1302 784 1364; x_wconf 89' lang='lat' dir='ltr'><strong>torpet</strong></span> 
     </span>
     <span class='ocr_line' id='line_1_18' title="bbox 149 1367 785 1430; baseline -0.003 -11"><span class='ocrx_word' id='word_1_114' title='bbox 149 1368 239 1430; x_wconf 83' lang='lat' dir='ltr'><strong>Orbis,</strong></span> <span class='ocrx_word' id='word_1_115' title='bbox 252 1374 280 1418; x_wconf 90' lang='lat' dir='ltr'><strong>et</strong></span> <span class='ocrx_word' id='word_1_116' title='bbox 290 1370 409 1419; x_wconf 85' lang='lat' dir='ltr'><strong>immotis</strong></span> <span class='ocrx_word' id='word_1_117' title='bbox 421 1384 520 1419; x_wconf 92' lang='lat' dir='ltr'><strong>annum</strong></span> <span class='ocrx_word' id='word_1_118' title='bbox 535 1384 588 1419; x_wconf 93' lang='lat' dir='ltr'><strong>non</strong></span> <span class='ocrx_word' id='word_1_119' title='bbox 601 1369 685 1419; x_wconf 90' lang='lat' dir='ltr'><strong>sentit</strong></span> <span class='ocrx_word' id='word_1_120' title='bbox 695 1367 785 1418; x_wconf 86' lang='lat' dir='ltr'><strong>arenis</strong></span> 
     </span>
     <span class='ocr_line' id='line_1_19' title="bbox 148 1434 926 1505; baseline 0.003 -18"><span class='ocrx_word' id='word_1_121' title='bbox 148 1437 211 1487; x_wconf 86' lang='lat' dir='ltr'><strong>Hoc</strong></span> <span class='ocrx_word' id='word_1_122' title='bbox 222 1445 278 1487; x_wconf 89' lang='lat' dir='ltr'><strong>tam</strong></span> <span class='ocrx_word' id='word_1_123' title='bbox 290 1439 465 1505; x_wconf 86' lang='lat' dir='ltr'><strong>segnesolum</strong></span> <span class='ocrx_word' id='word_1_124' title='bbox 473 1453 550 1487; x_wconf 89' lang='lat' dir='ltr'><strong>raras</strong></span> <span class='ocrx_word' id='word_1_125' title='bbox 561 1445 651 1489; x_wconf 92' lang='lat' dir='ltr'><strong>tamen</strong></span> <span class='ocrx_word' id='word_1_126' title='bbox 664 1436 766 1488; x_wconf 83' lang='lat' dir='ltr'><strong>exserit</strong></span> <span class='ocrx_word' id='word_1_127' title='bbox 777 1434 893 1499; x_wconf 78' lang='lat' dir='ltr'><strong>herbas,</strong></span> <span class='ocrx_word' id='word_1_128' title='bbox 917 1444 926 1465; x_wconf 80' lang='lat'>⁸</span> 
     </span>
     <span class='ocr_line' id='line_1_20' title="bbox 151 1505 890 1574; baseline 0.003 -19"><span class='ocrx_word' id='word_1_129' title='bbox 151 1505 368 1566; x_wconf 75' lang='lat' dir='ltr'><strong>QuasNasamon</strong></span> <span class='ocrx_word' id='word_1_130' title='bbox 380 1507 522 1574; x_wconf 84' lang='lat' dir='ltr'><strong>gensdura</strong></span> <span class='ocrx_word' id='word_1_131' title='bbox 528 1506 603 1574; x_wconf 80' lang='lat' dir='ltr'><strong>legit,</strong></span> <span class='ocrx_word' id='word_1_132' title='bbox 611 1507 655 1573; x_wconf 91' lang='lat' dir='ltr'><strong>qui</strong></span> <span class='ocrx_word' id='word_1_133' title='bbox 663 1507 789 1572; x_wconf 81' lang='lat' dir='ltr'><strong>proxima</strong></span> <span class='ocrx_word' id='word_1_134' title='bbox 800 1506 890 1571; x_wconf 76' lang='lat' dir='ltr'><strong>ponto</strong></span> 
     </span>
    </p>

    <p class='ocr_par' dir='ltr' id='par_1_8' title="bbox 88 1574 857 1782">
     <span class='ocr_line' id='line_1_21' title="bbox 88 1574 857 1641; baseline 0.003 -17"><span class='ocrx_word' id='word_1_135' title='bbox 88 1577 139 1624; x_wconf 84' lang='grc'><strong>440</strong></span> <span class='ocrx_word' id='word_1_136' title='bbox 150 1574 245 1625; x_wconf 89' lang='lat' dir='ltr'><strong>Nudus</strong></span> <span class='ocrx_word' id='word_1_137' title='bbox 258 1591 321 1624; x_wconf 86' lang='lat' dir='ltr'><strong>rura</strong></span> <span class='ocrx_word' id='word_1_138' title='bbox 332 1585 415 1634; x_wconf 88' lang='lat' dir='ltr'><strong>tenet,</strong></span> <span class='ocrx_word' id='word_1_139' title='bbox 428 1591 507 1641; x_wconf 92' lang='lat' dir='ltr'><strong>quem</strong></span> <span class='ocrx_word' id='word_1_140' title='bbox 519 1576 609 1626; x_wconf 80' lang='lat' dir='ltr'><strong>mundi</strong></span> <span class='ocrx_word' id='word_1_141' title='bbox 621 1576 739 1626; x_wconf 88' lang='lat' dir='ltr'><strong>barbara</strong></span> <span class='ocrx_word' id='word_1_142' title='bbox 749 1574 857 1626; x_wconf 74' lang='lat' dir='ltr'><strong>(lannois</strong></span> 
     </span>
     <span class='ocr_line' id='line_1_22' title="bbox 149 1642 772 1710; baseline 0.002 -16"><span class='ocrx_word' id='word_1_143' title='bbox 149 1642 238 1709; x_wconf 83' lang='lat' dir='ltr'><strong>Syrtis</strong></span> <span class='ocrx_word' id='word_1_144' title='bbox 250 1643 305 1692; x_wconf 88' lang='lat' dir='ltr'><strong>alit.</strong></span> <span class='ocrx_word' id='word_1_145' title='bbox 325 1642 393 1692; x_wconf 82' lang='lat' dir='ltr'><strong>Nam</strong></span> <span class='ocrx_word' id='word_1_146' title='bbox 406 1643 512 1693; x_wconf 86' lang='lat' dir='ltr'><strong>litoreis</strong></span> <span class='ocrx_word' id='word_1_147' title='bbox 524 1646 671 1710; x_wconf 89' lang='lat' dir='ltr'><strong>populator</strong></span> <span class='ocrx_word' id='word_1_148' title='bbox 682 1645 772 1695; x_wconf 90' lang='lat' dir='ltr'><strong>arenis</strong></span> 
     </span>
     <span class='ocr_line' id='line_1_23' title="bbox 148 1712 794 1782; baseline 0 -19"><span class='ocrx_word' id='word_1_149' title='bbox 148 1713 283 1773; x_wconf 87' lang='lat' dir='ltr'><strong>imminet,</strong></span> <span class='ocrx_word' id='word_1_150' title='bbox 295 1719 331 1774; x_wconf 86' lang='lat' dir='ltr'><strong>et,</strong></span> <span class='ocrx_word' id='word_1_151' title='bbox 344 1712 417 1762; x_wconf 93' lang='lat' dir='ltr'><strong>nulla</strong></span> <span class='ocrx_word' id='word_1_152' title='bbox 430 1720 524 1780; x_wconf 87' lang='lat' dir='ltr'><strong>portus</strong></span> <span class='ocrx_word' id='word_1_153' title='bbox 536 1723 666 1782; x_wconf 83' lang='lat' dir='ltr'><strong>tangente</strong></span> <span class='ocrx_word' id='word_1_154' title='bbox 679 1715 794 1777; x_wconf 60' lang='lat' dir='ltr'><strong>emina„</strong></span> 
     </span>
    </p>

    <p class='ocr_par' dir='ltr' id='par_1_9' title="bbox 148 1770 893 1919">
     <span class='ocr_line' id='line_1_24' title="bbox 149 1770 872 1849; baseline 0.001 -17"><span class='ocrx_word' id='word_1_155' title='bbox 149 1781 232 1832; x_wconf 85' lang='lat' dir='ltr'><strong>Novit</strong></span> <span class='ocrx_word' id='word_1_156' title='bbox 242 1796 317 1848; x_wconf 88' lang='lat' dir='ltr'><strong>opes.</strong></span> <span class='ocrx_word' id='word_1_157' title='bbox 338 1780 382 1831; x_wconf 86' lang='lat' dir='ltr'><strong>Sie</strong></span> <span class='ocrx_word' id='word_1_158' title='bbox 394 1797 454 1832; x_wconf 90' lang='lat' dir='ltr'><strong>cum</strong></span> <span class='ocrx_word' id='word_1_159' title='bbox 468 1791 527 1833; x_wconf 89' lang='lat' dir='ltr'><strong>totu</strong></span> <span class='ocrx_word' id='word_1_160' title='bbox 539 1786 705 1835; x_wconf 83' lang='lat' dir='ltr'><strong>commercia</strong></span> <span class='ocrx_word' id='word_1_161' title='bbox 716 1770 821 1849; x_wconf 37' lang='lat' dir='ltr'><strong>mundo·</strong></span> <span class='ocrx_word' id='word_1_162' title='bbox 838 1842 841 1847; x_wconf 32' lang='grc' dir='ltr'>Ι</span> <span class='ocrx_word' id='word_1_163' title='bbox 868 1838 872 1849; x_wconf 60' lang='grc'><em>,</em></span> 
     </span>
     <span class='ocr_line' id='line_1_25' title="bbox 148 1851 893 1919; baseline 0.001 -17"><span class='ocrx_word' id='word_1_164' title='bbox 148 1851 305 1919; x_wconf 86' lang='lat' dir='ltr'><strong>Naufragiis</strong></span> <span class='ocrx_word' id='word_1_165' title='bbox 317 1851 487 1903; x_wconf 72' lang='lat' dir='ltr'><strong>Nasamones</strong></span> <span class='ocrx_word' id='word_1_166' title='bbox 499 1851 608 1904; x_wconf 84' lang='lat' dir='ltr'><strong>babent.</strong></span> <span class='ocrx_word' id='word_1_167' title='bbox 630 1854 689 1903; x_wconf 84' lang='lat' dir='ltr'><strong>liae</strong></span> <span class='ocrx_word' id='word_1_168' title='bbox 701 1854 740 1904; x_wconf 86' lang='lat' dir='ltr'><strong>ire</strong></span> <span class='ocrx_word' id='word_1_169' title='bbox 754 1852 893 1904; x_wconf 67' lang='lat' dir='ltr'><strong>Catobeia</strong></span> 
     </span>
    </p>

    <p class='ocr_par' dir='ltr' id='par_1_10' title="bbox 89 1921 894 2267">
     <span class='ocr_line' id='line_1_26' title="bbox 89 1921 742 1973; baseline 0.005 -3"><span class='ocrx_word' id='word_1_170' title='bbox 89 1921 141 1971; x_wconf 84' lang='grc'><strong>445</strong></span> <span class='ocrx_word' id='word_1_171' title='bbox 152 1922 228 1971; x_wconf 91' lang='lat' dir='ltr'><strong>Dura</strong></span> <span class='ocrx_word' id='word_1_172' title='bbox 240 1921 315 1971; x_wconf 90' lang='lat' dir='ltr'><strong>iubet</strong></span> <span class='ocrx_word' id='word_1_173' title='bbox 326 1923 420 1972; x_wconf 85' lang='lat' dir='ltr'><strong>virtus.</strong></span> <span class='ocrx_word' id='word_1_174' title='bbox 443 1923 498 1972; x_wconf 87' lang='lat' dir='ltr'><strong>lllie</strong></span> <span class='ocrx_word' id='word_1_175' title='bbox 510 1938 607 1972; x_wconf 81' lang='lat' dir='ltr'><strong>secura</strong></span> <span class='ocrx_word' id='word_1_176' title='bbox 616 1925 742 1973; x_wconf 86' lang='lat' dir='ltr'><strong>iuventus</strong></span> 
     </span>
     <span class='ocr_line' id='line_1_27' title="bbox 151 1991 840 2058; baseline 0.001 -17"><span class='ocrx_word' id='word_1_177' title='bbox 151 1991 312 2051; x_wconf 88' lang='lat' dir='ltr'><strong>Ventorum,</strong></span> <span class='ocrx_word' id='word_1_178' title='bbox 325 1991 465 2058; x_wconf 90' lang='lat' dir='ltr'><strong>nullasque</strong></span> <span class='ocrx_word' id='word_1_179' title='bbox 477 1994 575 2042; x_wconf 87' lang='lat' dir='ltr'><strong>timens</strong></span> <span class='ocrx_word' id='word_1_180' title='bbox 586 1992 682 2042; x_wconf 87' lang='lat' dir='ltr'><strong>tellure</strong></span> <span class='ocrx_word' id='word_1_181' title='bbox 694 1991 840 2058; x_wconf 82' lang='lat' dir='ltr'><strong>proeellas,</strong></span> 
     </span>
     <span class='ocr_line' id='line_1_28' title="bbox 149 2061 845 2127; baseline 0.004 -18"><span class='ocrx_word' id='word_1_182' title='bbox 149 2061 309 2126; x_wconf 81' lang='lat' dir='ltr'><strong>Aequoreos</strong></span> <span class='ocrx_word' id='word_1_183' title='bbox 321 2068 363 2110; x_wconf 84' lang='lat' dir='ltr'><strong>est</strong></span> <span class='ocrx_word' id='word_1_184' title='bbox 375 2077 456 2126; x_wconf 88' lang='lat' dir='ltr'><strong>passa</strong></span> <span class='ocrx_word' id='word_1_185' title='bbox 469 2070 565 2111; x_wconf 87' lang='lat' dir='ltr'><strong>metus.</strong></span> <span class='ocrx_word' id='word_1_186' title='bbox 585 2061 654 2111; x_wconf 82' lang='lat' dir='ltr'><strong>Nam</strong></span> <span class='ocrx_word' id='word_1_187' title='bbox 667 2062 747 2111; x_wconf 86' lang='lat' dir='ltr'><strong>litore</strong></span> <span class='ocrx_word' id='word_1_188' title='bbox 759 2062 845 2127; x_wconf 87' lang='lat' dir='ltr'><strong>sicco,</strong></span> 
     </span>
     <span class='ocr_line' id='line_1_29' title="bbox 152 2130 894 2198; baseline 0.007 -20"><span class='ocrx_word' id='word_1_189' title='bbox 152 2130 238 2190; x_wconf 79' lang='lat' dir='ltr'><strong>Quam</strong></span> <span class='ocrx_word' id='word_1_190' title='bbox 251 2130 364 2197; x_wconf 86' lang='lat' dir='ltr'><strong>pelago,</strong></span> <span class='ocrx_word' id='word_1_191' title='bbox 377 2131 467 2196; x_wconf 76' lang='lat' dir='ltr'><strong>Syrtis</strong></span> <span class='ocrx_word' id='word_1_192' title='bbox 479 2132 623 2182; x_wconf 85' lang='lat' dir='ltr'><strong>violentius</strong></span> <span class='ocrx_word' id='word_1_193' title='bbox 635 2133 736 2198; x_wconf 80' lang='lat' dir='ltr'><strong>accipit</strong></span> <span class='ocrx_word' id='word_1_194' title='bbox 752 2130 894 2183; x_wconf 70' lang='lat' dir='ltr'><strong>Austrum.</strong></span> 
     </span>
     <span class='ocr_line' id='line_1_30' title="bbox 149 2194 875 2267; baseline 0.001 -19"><span class='ocrx_word' id='word_1_195' title='bbox 149 2199 187 2249; x_wconf 86' lang='lat' dir='ltr'><strong>Et</strong></span> <span class='ocrx_word' id='word_1_196' title='bbox 197 2207 288 2249; x_wconf 87' lang='lat' dir='ltr'><strong>terrac</strong></span> <span class='ocrx_word' id='word_1_197' title='bbox 300 2203 387 2267; x_wconf 87' lang='lat' dir='ltr'><strong>magis</strong></span> <span class='ocrx_word' id='word_1_198' title='bbox 398 2201 443 2251; x_wconf 88' lang='lat' dir='ltr'><strong>ille</strong></span> <span class='ocrx_word' id='word_1_199' title='bbox 454 2217 564 2251; x_wconf 78' lang='lat' dir='ltr'><strong>nocens.</strong></span> <span class='ocrx_word' id='word_1_200' title='bbox 578 2200 636 2250; x_wconf 77' lang='lat' dir='ltr'><strong>A&#39;on</strong></span> <span class='ocrx_word' id='word_1_201' title='bbox 649 2198 786 2251; x_wconf 88' lang='lat' dir='ltr'><strong>montibus</strong></span> <span class='ocrx_word' id='word_1_202' title='bbox 796 2194 875 2251; x_wconf 80' lang='lat' dir='ltr'><strong>illum</strong></span> 
     </span>
    </p>

    <p class='ocr_par' dir='ltr' id='par_1_11' title="bbox 89 2267 840 2611">
     <span class='ocr_line' id='line_1_31' title="bbox 89 2267 835 2338; baseline 0.005 -22"><span class='ocrx_word' id='word_1_203' title='bbox 89 2267 141 2317; x_wconf 84' lang='lat'><strong>45⁰</strong></span> <span class='ocrx_word' id='word_1_204' title='bbox 153 2268 278 2318; x_wconf 87' lang='lat' dir='ltr'><strong>Adversis</strong></span> <span class='ocrx_word' id='word_1_205' title='bbox 289 2268 391 2336; x_wconf 80' lang='lat' dir='ltr'><strong>frangit</strong></span> <span class='ocrx_word' id='word_1_206' title='bbox 401 2270 500 2335; x_wconf 78' lang='lat' dir='ltr'><strong>Lybie,</strong></span> <span class='ocrx_word' id='word_1_207' title='bbox 512 2271 683 2338; x_wconf 77' lang='lat' dir='ltr'><strong>scopulisque</strong></span> <span class='ocrx_word' id='word_1_208' title='bbox 695 2270 835 2336; x_wconf 81' lang='lat' dir='ltr'><strong>repulsum</strong></span> 
     </span>
     <span class='ocr_line' id='line_1_32' title="bbox 150 2337 840 2405; baseline 0.007 -19"><span class='ocrx_word' id='word_1_209' title='bbox 150 2337 288 2403; x_wconf 88' lang='lat' dir='ltr'><strong>Dissipat,</strong></span> <span class='ocrx_word' id='word_1_210' title='bbox 300 2345 328 2388; x_wconf 89' lang='lat' dir='ltr'><strong>et</strong></span> <span class='ocrx_word' id='word_1_211' title='bbox 340 2340 455 2405; x_wconf 87' lang='lat' dir='ltr'><strong>liquidas</strong></span> <span class='ocrx_word' id='word_1_212' title='bbox 468 2355 483 2389; x_wconf 88' lang='lat' dir='ltr'><strong>e</strong></span> <span class='ocrx_word' id='word_1_213' title='bbox 495 2341 603 2390; x_wconf 80' lang='lat' dir='ltr'><strong>turbine</strong></span> <span class='ocrx_word' id='word_1_214' title='bbox 614 2341 695 2391; x_wconf 82' lang='lat' dir='ltr'><strong>solvit</strong></span> <span class='ocrx_word' id='word_1_215' title='bbox 705 2341 731 2389; x_wconf 93' lang='lat' dir='ltr'><strong>in</strong></span> <span class='ocrx_word' id='word_1_216' title='bbox 743 2354 840 2391; x_wconf 80' lang='lat' dir='ltr'><strong>auras=</strong></span> 
     </span>
     <span class='ocr_line' id='line_1_33' title="bbox 149 2406 839 2477; baseline 0.004 -19"><span class='ocrx_word' id='word_1_217' title='bbox 149 2406 208 2458; x_wconf 89' lang='lat' dir='ltr'><strong>Nec</strong></span> <span class='ocrx_word' id='word_1_218' title='bbox 220 2409 272 2457; x_wconf 87' lang='lat' dir='ltr'><strong>ruit</strong></span> <span class='ocrx_word' id='word_1_219' title='bbox 284 2409 309 2457; x_wconf 90' lang='lat' dir='ltr'><strong>in</strong></span> <span class='ocrx_word' id='word_1_220' title='bbox 322 2409 411 2469; x_wconf 86' lang='lat' dir='ltr'><strong>silvas,</strong></span> <span class='ocrx_word' id='word_1_221' title='bbox 424 2424 582 2476; x_wconf 67' lang='lat' dir='ltr'><strong>concisaque</strong></span> <span class='ocrx_word' id='word_1_222' title='bbox 594 2411 695 2460; x_wconf 90' lang='lat' dir='ltr'><strong>robora</strong></span> <span class='ocrx_word' id='word_1_223' title='bbox 706 2419 839 2477; x_wconf 79' lang='lat' dir='ltr'><strong>torquens</strong></span> 
     </span>
     <span class='ocr_line' id='line_1_34' title="bbox 149 2475 834 2547; baseline 0.006 -21"><span class='ocrx_word' id='word_1_224' title='bbox 149 2475 298 2526; x_wconf 83' lang='lat' dir='ltr'><strong>Lassatur:</strong></span> <span class='ocrx_word' id='word_1_225' title='bbox 319 2487 395 2543; x_wconf 90' lang='lat' dir='ltr'><strong>patet</strong></span> <span class='ocrx_word' id='word_1_226' title='bbox 406 2494 486 2529; x_wconf 92' lang='lat' dir='ltr'><strong>omne</strong></span> <span class='ocrx_word' id='word_1_227' title='bbox 497 2479 593 2540; x_wconf 86' lang='lat' dir='ltr'><strong>solum,</strong></span> <span class='ocrx_word' id='word_1_228' title='bbox 607 2480 728 2547; x_wconf 83' lang='lat' dir='ltr'><strong>liberque</strong></span> <span class='ocrx_word' id='word_1_229' title='bbox 739 2478 834 2530; x_wconf 75' lang='lat' dir='ltr'><strong>nrcatu</strong></span> 
     </span>
     <span class='ocr_line' id='line_1_35' title="bbox 149 2546 804 2611; baseline 0.003 -14"><span class='ocrx_word' id='word_1_230' title='bbox 149 2546 270 2597; x_wconf 84' lang='lat' dir='ltr'><strong>Aeoliam</strong></span> <span class='ocrx_word' id='word_1_231' title='bbox 282 2548 383 2597; x_wconf 78' lang='lat' dir='ltr'><strong>rabiem</strong></span> <span class='ocrx_word' id='word_1_232' title='bbox 396 2550 462 2598; x_wconf 85' lang='lat' dir='ltr'><strong>totis</strong></span> <span class='ocrx_word' id='word_1_233' title='bbox 473 2556 584 2599; x_wconf 75' lang='lat' dir='ltr'><strong>exercet</strong></span> <span class='ocrx_word' id='word_1_234' title='bbox 596 2548 722 2600; x_wconf 84' lang='lat' dir='ltr'><strong>bubenis:</strong></span> <span class='ocrx_word' id='word_1_235' title='bbox 801 2606 804 2611; x_wconf 31' lang='lat'>¹</span> 
     </span>
    </p>

    <p class='ocr_par' dir='ltr' id='par_1_12' title="bbox 87 2613 838 2755">
     <span class='ocr_line' id='line_1_36' title="bbox 87 2613 811 2685; baseline 0.006 -22"><span class='ocrx_word' id='word_1_236' title='bbox 87 2613 140 2665; x_wconf 76' lang='lat'><strong>455</strong></span> <span class='ocrx_word' id='word_1_237' title='bbox 154 2617 190 2666; x_wconf 83' lang='lat' dir='ltr'><strong>Et</strong></span> <span class='ocrx_word' id='word_1_238' title='bbox 203 2633 255 2664; x_wconf 86' lang='lat' dir='ltr'><strong>mm</strong></span> <span class='ocrx_word' id='word_1_239' title='bbox 268 2617 436 2667; x_wconf 83' lang='lat' dir='ltr'><strong>imbriferam</strong></span> <span class='ocrx_word' id='word_1_240' title='bbox 449 2628 578 2668; x_wconf 85' lang='lat' dir='ltr'><strong>contorto</strong></span> <span class='ocrx_word' id='word_1_241' title='bbox 590 2619 699 2685; x_wconf 84' lang='lat' dir='ltr'><strong>pulvere</strong></span> <span class='ocrx_word' id='word_1_242' title='bbox 711 2616 811 2667; x_wconf 76' lang='lat' dir='ltr'><strong>nubem</strong></span> 
     </span>
     <span class='ocr_line' id='line_1_37' title="bbox 152 2684 838 2755; baseline 0.004 -19"><span class='ocrx_word' id='word_1_243' title='bbox 152 2686 183 2736; x_wconf 95' lang='lat' dir='ltr'><strong>ln</strong></span> <span class='ocrx_word' id='word_1_244' title='bbox 196 2684 296 2736; x_wconf 84' lang='lat' dir='ltr'><strong>flexum</strong></span> <span class='ocrx_word' id='word_1_245' title='bbox 309 2687 444 2738; x_wconf 84' lang='lat' dir='ltr'><strong>violentus</strong></span> <span class='ocrx_word' id='word_1_246' title='bbox 455 2690 526 2755; x_wconf 84' lang='lat' dir='ltr'><strong>agit:</strong></span> <span class='ocrx_word' id='word_1_247' title='bbox 546 2703 610 2754; x_wconf 86' lang='lat' dir='ltr'><strong>pars</strong></span> <span class='ocrx_word' id='word_1_248' title='bbox 619 2687 735 2754; x_wconf 88' lang='lat' dir='ltr'><strong>plurima</strong></span> <span class='ocrx_word' id='word_1_249' title='bbox 746 2688 838 2739; x_wconf 77' lang='lat' dir='ltr'><strong>terrae</strong></span> 
     </span>
    </p>
   </div>
   <div class='ocr_carea' id='block_1_3' title="bbox 0 0 990 3106">
    <p class='ocr_par' dir='ltr' id='par_1_13' title="bbox 0 0 990 3106">
     <span class='ocr_line' id='line_1_38' title="bbox 0 0 990 3106; baseline 0 0"><span class='ocrx_word' id='word_1_250' title='bbox 0 0 990 3106; x_wconf 95' lang='lat' dir='ltr'><strong> </strong></span> 
     </span>
    </p>
   </div>
  </div>
 </body>
</html>
