1956 3106
184 140 670 193 PHnrrssulastirssnx.
746 144 797 195 2⁰9
857 144 883 192 s·

57 262 106 316 Sic
113 260 264 330 quoquenil
272 257 493 319 obstatPhoebo,
501 275 561 309 cum
570 260 680 311 curriine
691 277 796 313 summo

55 331 122 384 Stat
131 331 231 381 librata
242 328 314 379 dies:
334 333 460 377 truncum
470 328 515 376 vix
526 330 646 394 protegit
657 329 752 380 arbor:

58 403 129 451 Tam
140 400 230 450 brevis
240 399 268 448 in
278 396 396 463 medium
408 397 490 447 radiis
501 397 675 462 compellitur
686 399 789 450 umbra
806 399 857 451 530

59 471 231 536 Deprensum
238 473 281 516 est
291 464 362 515 hunc
374 478 433 515 csse
444 465 543 526 iocum,
557 481 611 532 qua
622 467 738 517 circulus
750 467 798 518 alti

60 538 177 589 Solstitii
190 535 308 586 medium
321 535 459 601 signorum
473 536 591 600 'percutit
602 536 704 586 orbem.

59 607 122 659 Nou
135 607 246 672 obliqua
255 610 356 665 meant,
368 619 419 652 ncc
432 606 525 653 Tauro
538 601 670 671 Scorpius
683 606 740 655 exit

59 678 183 737 Rectior,
195 680 243 723 aut
252 673 425 722 Ariesrdonat
436 689 486 723 sua
497 680 624 739 tempora
632 675 744 736 Librae,

61 748 116 797 Aut
127 747 242 793 Astraea
253 743 329 793 iubet
339 742 429 792 lentos
441 743 607 793 descendere
619 745 722 795 Pisces.
739 786 742 793 i
810 743 859 794 535

59 815 117 865 Pur
130 814 252 864 Geminis
265 810 379 874 Chiron,
397 817 425 861 et
438 812 511 862 idem
526 812 598 878 quod
615 815 743 864 Carcinos
757 828 798 863 ar·

535 881 602 932 dens

59 950 196 1003 Humidus
206 953 376 1018 Aegoceros:
398 965 448 999 nec
459 950 519 1015 plus
530 950 591 1001 Leo
603 953 707 1003 tollitur
718 955 800 1002 Urna.

59 1024 95 1072 At
103 1022 162 1082 tibi,
175 1035 362 1087 quaecumque
375 1035 403 1069 es
410 1020 517 1084 Libyco
525 1035 591 1085 gens
601 1023 663 1086 igne
675 1022 799 1081 diremta,

58 1092 91 1141 ln
103 1090 195 1141 Noton
208 1090 303 1139 umbra
316 1090 398 1150 cadit,
411 1104 480 1154 quae
493 1090 571 1138 nobis
584 1091 640 1138 exit
649 1092 676 1140 in
688 1092 797 1139 Arcton.

61 1160 103 1211 'l'e
114 1161 205 1226 segnis
217 1161 362 1224 Cynosura
372 1158 456 1207 subit:
476 1163 506 1207 tu
519 1159 593 1207 sicca
603 1158 738 1224 profundo
811 1159 861 1208 540

59 1230 148 1296 Mergi
157 1228 280 1293 plaustra
291 1233 378 1292 putas,
390 1227 687 1292 nullumqueinvertice
695 1242 799 1277 summo

61 1295 234 1347 Sidushabes
241 1297 360 1345 immune
368 1298 445 1355 meri,
457 1296 553 1360 procul
561 1298 797 1363 axisuterqueest‚

60 1368 99 1416 Et
111 1365 177 1431 fuga
189 1366 327 1431 signorum
339 1366 429 1414 medio
441 1367 513 1430 rapit
525 1366 616 1415 omnia
628 1366 713 1416 caclo.

114 1432 232 1483 Stabant
243 1440 306 1484 ante
317 1433 498 1499 forespopuii,
513 1451 580 1501 quos
592 1435 704 1485 miserat
714 1436 779 1496 Eos,

62 1504 258 1570 Cornigerique
268 1505 339 1552 ioris
350 1505 454 1553 monitu
466 1520 535 1554 nora
548 1503 607 1555 fata
617 1505 749 1570 petebant
808 1504 858 1553 545

62 1572 116 1624 Sed
126 1573 208 1622 Latio
223 1588 329 1625 cessere
341 1574 417 1623 duci:
439 1576 608 1640 comitesque
620 1576 751 1625 Catonem

62 1645 158 1704 Orant,
171 1644 296 1708 exploret
305 1643 440 1708 Libycum
452 1650 662 1710 memorataper
675 1646 768 1695 orbem

61 1713 188 1771 Numina,
200 1713 233 1762 de
244 1712 318 1762 fama
329 1717 385 1761 tam
396 1713 470 1779 longi
482 1715 584 1764 iudicet
596 1716 663 1764 aeri.

59 1783 199 1832 Maximus
210 1779 337 1830 hortator
348 1783 487 1831 scrutandi
496 1798 565 1833 voce
577 1783 690 1833 deorum

63 1853 186 1900 Eventus
199 1848 337 1898 Labienus
351 1856 419 1899 erat.
440 1850 504 1900 Sors
516 1851 620 1911 obtulit,
632 1853 728 1918 inquit,
810 1850 860 1899 550

64 1919 104 1968 Et
115 1917 239 1966 Fortuna
249 1918 309 1967 uiae
321 1926 377 1967 torn
390 1919 483 1983 rnogni
492 1919 610 1971 nurninir
621 1937 668 1970 ora

69 1985 269 2049 Consiliumque
281 1986 323 2034 dei
330 2006 338 2034 .·
350 1996 426 2037 tonto
439 1989 503 2038 duce
514 2002 653 2054 porrronur
665 1988 709 2039 uti

64 2056 119 2106 Per
130 2056 234 2122 Syrtes,
248 2054 359 2119 bellique
371 2056 446 2106 duros
457 2072 617 2123 cognoscere
628 2074 714 2109 carue.

63 2124 134 2178 Nom
147 2121 192 2175 cui
205 2123 365 2173 crediderim
377 2140 486 2189 strperor
499 2143 601 2177 urcona
614 2129 728 2177 daturos

62 2195 250 2259 Dicturosque
261 2192 355 2260 mugit,
367 2211 446 2258 quum
458 2205 553 2246 torreto
565 2197 628 2247 vero
640 2195 740 2249 Catoni
745 2197 756 2246 ἓ
811 2198 860 2246 555

65 2265 143 2316 Certe
155 2263 213 2315 vito
226 2262 277 2314 tibi
287 2278 389 2328 remper
401 2264 503 2315 directo
516 2282 645 2332 rrrpernor

63 2334 108 2384 Ae
118 2337 197 2402 leger,
209 2332 378 2399 sequerisque
390 2335 475 2385 duum.
495 2334 600 2396 Datur,
612 2353 679 2397 ecce,
692 2337 816 2404 loquendi

66 2402 133 2453 Cum
145 2405 206 2454 ioue
217 2404 343 2454 liberior:
354 2403 461 2469 inquire
471 2405 497 2456 in
504 2406 574 2474 soto
584 2405 700 2477 nefandi

66 2471 205 2532 Ceterorir,
216 2482 244 2522 et
253 2472 364 2538 patriae
376 2483 499 2523 uenturos
511 2485 604 2526 excute
616 2491 717 2527 morer.-

63 2541 129 2592 Iure
142 2558 189 2591 sno
197 2543 306 2606 populis
318 2543 367 2600 uti,
380 2546 518 2608 leuiumque
530 2544 629 2607 licebit,
811 2545 861 2594 560

64 2609 108 2660 An
120 2611 215 2661 beilum
227 2611 304 2661 civile
313 2613 395 2677 perit.
418 2612 477 2663 Tuo
488 2624 600 2679 pectora
612 2632 692 2668 sucro

70 2677 139 2731 Voce
149 2683 228 2747 reple:
249 2681 331 2732 durrrc
343 2698 444 2748 rerrrper
457 2683 569 2735 uirtutis
579 2695 687 2736 omotor

99 2748 273 2800 Lucisne.
631 2756 653 2803 0
