1950 3218
207 131 490 184 PHARSAle.
525 133 615 183 LlB.
643 132 695 185 Vl.
763 133 820 189 ,131

88 252 227 303 Auxiliare
237 258 328 313 vocat,
338 266 389 302 nec
400 250 484 301 libras
493 249 540 300 illa
550 249 652 299 litantis

90 321 186 372 Novit:
207 320 333 371 funereas
345 319 399 370 aris
407 320 548 386 imponere
559 316 682 368 flammas
829 320 879 371 525

92 389 210 451 Gaudet,
223 395 251 438 et
262 402 379 438 accenso
389 388 480 454 rapuit
489 401 558 454 qnae
570 393 632 437 tura
643 385 777 452 sepulcro.

92 460 178 508 Omne
189 457 266 508 nefas
277 457 368 525 superi
377 457 465 523 prima
472 457 527 507 iam
538 469 606 506 voce
618 455 755 522 precantis
838 504 841 509 .

93 526 260 587 Concedunt,
273 541 435 593 carmenque
446 525 542 576 timent
552 525 647 575 audire
659 522 816 577 secundum.

95 597 222 647 Viventes
235 596 346 657 aninras,
360 601 388 646 et
398 591 486 645 adhuc
496 610 545 644 sua
554 593 676 644 membra
686 599 821 662 regentes,

92 663 195 715 lnl'odit
205 664 301 713 busto:
324 663 388 715 latis
399 663 559 714 debentibus
570 679 654 714 annos
830 662 881 714 530
968 732 971 735 ¹

91 734 167 783 lllors
177 735 262 783 invita
273 733 356 782 subit:
376 747 505 799 perversa
515 731 610 782 funera
622 747 723 800 pompa

91 802 194 852 Retulit
204 817 219 851 a
230 802 353 852 tumulis:
370 801 605 868 fugerecadavera
616 801 708 852 letum,

91 872 240 922 Fumantes
249 873 375 921 iuvenum
387 872 500 932 cineres,
512 869 688 941 ardentiaque
699 886 762 922 ossa

94 941 116 989 Ε
130 939 224 990 mediis
236 940 308 1005 rapit
316 939 362 990 illa
373 940 455 1006 rogis,
465 939 613 1004 ipsamque,
625 945 751 1005 parentes

94 1010 181 1068 Quam
193 1014 312 1070 tenuere,
325 1007 427 1058 facem:
448 1008 579 1074 nigroque
588 1007 709 1057 volantia
718 1007 794 1058 furno
828 1006 878 1058 535

92 1078 197 1127 Feralis
208 1076 360 1143 fragmenta
370 1077 432 1138 tori,
445 1081 586 1141 vestesque
599 1073 722 1125 fluentes

93 1146 202 1211 Colligit
211 1147 238 1194 in
250 1147 362 1206 cineres,
374 1150 402 1194 et
416 1145 520 1194 olentes
531 1142 652 1192 membra
663 1142 776 1194 favillas.

89 1218 140 1264 Ast
151 1214 197 1262 ubi
208 1219 350 1263 servantur·
361 1214 442 1274 saxis,
454 1212 549 1278 quibus
560 1212 670 1262 intimus
681 1210 778 1262 humor

89 1283 217 1341 Ducitur,
228 1286 256 1329 et
265 1286 355 1330 tracta
365 1280 510 1331 durescunt
521 1280 584 1330 tabe
596 1280 727 1330 medullae
740 1293 743 1299 '

90 1354 229 1413 Corpora3
250 1355 315 1398 tune
324 1364 418 1400 onmes
429 1349 507 1399 avide
519 1349 640 1401 desaevit
651 1350 679 1412 in
690 1355 775 1412 artus,
829 1351 880 1401 540

89 1419 280 1484 lmmcrsitque
291 1433 384 1468 manus
396 1418 490 1480 oculis,
502 1417 655 1485 gaudetque
666 1418 772 1486 gelatos
905 1427 908 1434 '

89 1486 228 1538 Effodisse
239 1487 327 1548 orbos,
338 1493 366 1538 et
376 1489 465 1538 siccae
477 1486 578 1554 pallida
589 1487 662 1537 rodit

89 1558 274 1606 Excrementa
283 1571 392 1607 manus:
403 1557 527 1624 laqueum
538 1557 678 1624 nodosque
688 1563 817 1608 nocentes

90 1626 146 1675 Orc
158 1641 207 1674 suo
218 1626 302 1691 rupit:
323 1626 468 1692 pendentia
479 1641 595 1692 corpora
607 1629 715 1693 carpsit,

91 1694 251 1760 Abrasitque
262 1709 369 1745 cruces:
389 1711 572 1763 percussaque
583 1697 688 1746 viscera
699 1696 796 1747 nimbis
828 1696 879 1746 545

92 1763 189 1824 Vulsit,
201 1769 229 1813 et
239 1764 361 1815 incoctas
373 1764 490 1815 admisso
503 1765 560 1814 sole
570 1765 710 1814 medullas.

91 1834 226 1883 lnsertum
235 1832 357 1884 manibus
368 1832 520 1899 chalybem,
531 1834 688 1899 nigramque
701 1848 748 1898 per
755 1837 829 1882 artus

93 1900 226 1952 Stillantis
237 1901 295 1952 tabi
306 1901 418 1964 saniem,
429 1904 553 1967 virusque
566 1909 690 1951 coactum
773 1933 778 1941 ,

92 1969 214 2031 Sustulit,
226 1975 262 2032 et,
274 1985 356 2020 nervo
367 1986 473 2020 morsus
484 1972 625 2031 retinente,
637 1970 772 2037 pependit.

93 2040 130 2088 Et
142 2038 329 2105 quodcumque
339 2041 412 2089 iacet
422 2039 494 2088 nuda
506 2038 600 2088 tellure
612 2038 737 2100 cadaver,
830 2037 880 2087 55⁰

91 2109 161 2157 Ante
177 2106 249 2158 feres
261 2107 438 2175 volucresque
449 2107 538 2157 sedet:
558 2122 608 2156 nec
621 2121 732 2172 carpere
742 2120 824 2156 menr-

561 2174 612 2224 bra

92 2244 158 2296 Vult
168 2243 242 2297 ferro
253 2246 430 2311 manibusque
438 2243 501 2305 suis,
512 2257 671 2310 morsusque
682 2244 808 2310 luporum

92 2311 252 2381 Exspectat,
265 2315 344 2365 siccis
355 2319 467 2380 raptura
480 2311 628 2363 alauclbus
639 2318 723 2364 artus.

92 2381 170 2448 [Nec
182 2390 291 2433 cessant
302 2400 318 2435 a
331 2383 414 2433 caede
427 2399 530 2442 manus,
542 2383 563 2432 si
575 2382 704 2448 sanguino
716 2383 776 2432 vivo

92 2452 142 2500 Est
154 2467 231 2517 opus,
245 2457 368 2518 erumpat
378 2452 469 2518 iugulo
482 2452 525 2517 qui
537 2451 638 2518 primus
649 2449 768 2520 aperto]
831 2451 882 2504 555

90 2518 150 2570 Nec
163 2519 264 2587 refugit
274 2521 380 2583 caedes,
392 2522 480 2569 vivum
491 2521 514 2570 si
525 2534 604 2570 sacra
615 2534 747 2582 eruorem,

90 2589 218 2655 Extaque
230 2588 359 2640 funereae
370 2594 485 2657 poscunt
495 2588 658 2654 trepidantia
667 2603 790 2641 mensae:
883 2617 885 2623 ·
967 2599 970 2604 ’

90 2655 212 2708 Vulnere
224 2659 263 2707 sic
274 2660 382 2719 ventris,
394 2674 457 2719 non,
469 2673 521 2724 qua
532 2665 630 2707 natura
641 2658 766 2721 vocabat,
872 2653 884 2722 j

640 2729 649 2776 Ι
661 2730 675 2776 2
