1950 3218
224 130 512 182 rnnnsnurn.
548 131 694 213 nrum.
780 131 832 187 sss

88 253 193 303 Passus
203 267 231 301 sn
242 250 371 301 extremis
381 248 489 315 Libyae
501 250 657 301 coalescere
667 249 768 317 regnis,
888 290 892 296 ,

91 323 231 387 Tempora
241 318 347 370 Niliaco
358 319 445 384 turpis
455 319 585 385 dependit
596 320 691 380 amori,
858 321 892 372 80

90 385 400 447 Ilumdonurel’haron,
412 388 535 437 dumnou
543 387 709 439 sibivincere
720 390 830 441 stravult.

94 460 190 521 Quem,
201 455 307 510 formae
318 456 421 508 conlisa
432 470 506 516 suae,
519 456 733 522 Cleopatrasine
745 458 805 509 ullis

92 529 191 579 'l'ristis
203 527 261 577 adit
270 525 410 591 lacrymis,
422 523 578 575 simulatum
590 530 682 574 consta
693 527 825 592 dolorem,

93 599 153 659 Qua
164 595 265 658 decuit,
277 594 362 645 veluti
372 594 480 644 laceros
490 593 613 660 dispersa
625 596 746 660 capillos,

91 668 128 717 ut
138 665 178 716 sic
190 679 254 714 orsa
263 663 352 729 loqui:
383 661 477 726 Siqua
490 674 537 724 est,
549 680 563 712 o
574 662 689 714 maxime
701 663 816 724 Caesar,
857 667 891 716 85

90 734 233 794 Nobilitas,
245 730 347 784 Pharii
354 734 445 797 proles
457 731 608 782 clarissima
619 731 713 800 Lagi,

90 803 179 856 Exsul
188 802 216 854 in
229 811 377 862 aeternnm,
390 801 503 866 sceptris
517 803 627 867 depulsa
635 804 768 867 paternis,

92 873 123 923 Si
133 882 182 923 tao
195 869 326 922 restituat
338 870 423 920 aeteri
434 886 473 919 me
485 871 597 920 dextera
603 870 684 940 fato,

93 940 262 1008 Complector
273 939 369 1008 regina
377 940 466 1005 pedes.
500 936 542 993 Ta
551 939 677 1007 gentibus
690 958 803 1007 aequum

90 1012 170 1065 Sidus
182 1010 244 1061 adet
255 1008 364 1062 nostris.
394 1007 453 1060 Non
465 1007 543 1058 arbes
553 1008 642 1073 prima
655 1011 745 1061 tenebo
856 1011 889 1062 00

89 1080 201 1132 Femina
213 1077 350 1131 Niliacas:
369 1079 441 1129 nullo
451 1075 603 1128 discrimine
614 1093 691 1128 sexos

92 1148 225 1218 Reginam
232 1147 283 1199 scit
284 1149 364 1219 ferre
372 1145 487 1198 l’baros.
506 1144 688 1214 Legesnnnna
695 1147 830 1214 perempti

97 1217 184 1268 Verba
194 1216 294 1282 patris,
304 1216 350 1285 qui
359 1216 421 1267 iura
432 1215 499 1267 mibi
508 1216 659 1266 cotnrrrania
671 1215 758 1284 regni,

90 1286 131 1338 Et
142 1285 274 1337 thalamos
285 1301 343 1336 carn
349 1286 447 1356 fratre
457 1284 536 1335 dedit.
551 1284 626 1334 Puer
637 1286 693 1350 ipse
705 1301 829 1348 sororem,
855 1298 863 1313 ·

95 1355 138 1406 Sit
150 1355 225 1405 modo
236 1353 310 1415 liber,
320 1365 411 1406 anast:
429 1355 476 1405 sed
485 1352 564 1404 babet
574 1353 621 1404 snb
632 1353 692 1405 inre
703 1354 820 1408 Potltini
855 1356 889 1407 95

91 1423 224 1494 Adfectus
235 1439 356 1490 ensesque
366 1440 435 1475 snos.
460 1422 506 1474 Nil
515 1422 576 1490 ipsa
582 1423 696 1488 paterni

91 1493 166 1545 laris
177 1492 246 1544 inire
253 1503 331 1560 peto:
350 1495 429 1561 calpa
442 1502 570 1559 tantoque
578 1495 681 1560 prodere

93 1564 170 1615 Soloe
182 1563 300 1614 dantum:
318 1563 542 1633 remoaefanesta
554 1564 683 1615 satellitis
692 1580 779 1626 arata,

90 1634 132 1686 Et
144 1649 235 1701 regem
246 1648 363 1700 regnare
374 1631 443 1682 iube.
475 1631 629 1695 Quantosne
642 1644 758 1685 tutatores

91 1700 184 1754 Mente
191 1702 266 1768 gerit
271 1701 407 1769 samalus,
421 1699 519 1769 Magni
531 1703 633 1754 cervice
645 1705 767 1755 reuulsa!
838 1705 889 1754 100

91 1772 150 1823 lam
162 1769 212 1822 tibi
224 1775 237 1834 (
243 1773 290 1821 sed
296 1773 394 1837 procul
402 1769 451 1820 boc
463 1780 589 1822 avertant
595 1773 663 1841 fota
670 1776 682 1833 )
696 1775 826 1826 asinatae.

90 1844 141 1894 Sat
147 1840 210 1912 fait
221 1839 371 1908 indignum,
384 1837 494 1899 Caesar,
506 1841 653 1905 restandoqae
664 1841 774 1905 tibique,

90 1908 369 1979 Pompeiamfacinus
381 1907 649 1980 reseritamqaefnisse
659 1907 779 1960 Potlsins'.

141 1979 331 2047 Nequidquam
341 1978 423 2029 duras
434 1983 569 2028 tentasset
580 1979 704 2029 Caesaris
715 1993 809 2029 aures:

88 2049 187 2101 Vultus
199 2049 277 2099 adest
288 2047 422 2114 precibus,
434 2046 573 2112 faciesque
584 2049 690 2106 incesta
700 2053 820 2112 perorat.
836 2048 889 2098 105

88 2119 182 2186 Exigit
191 2117 340 2179 infandam,
352 2122 482 2182 corrupto
493 2115 593 2178 iudice,
604 2121 723 2166 noctem.

88 2188 147 2238 l'ax
158 2187 203 2238 ubi
216 2192 295 2253 parta
301 2185 372 2248 duel,
385 2185 516 2251 donisque
525 2184 680 2251 ingentibus
688 2189 761 2235 emta
772 2189 828 2250 est;

88 2259 229 2322 Excepere
241 2256 336 2322 epulae
347 2256 485 2305 tantarum
496 2254 596 2320 gaudia
607 2269 712 2304 rerum:

89 2327 281 2392 Explicuitque
292 2339 356 2375 suos
368 2338 466 2390 magno
479 2322 626 2388 Cleopatra
635 2321 753 2374 tumultu

88 2394 214 2446 Nondum
226 2394 373 2444 translatos
384 2391 546 2443 Romanuin
557 2392 666 2443 saecula
677 2391 763 2441 luxus.
837 2393 890 2443 110

88 2466 150 2530 lpse
161 2464 239 2515 locus
252 2463 353 2529 templi,
366 2460 438 2530 quod
449 2462 493 2511 rix
505 2462 661 2528 corruptior
672 2466 748 2511 aetas

88 2534 229 2595 Exstruat,
239 2534 326 2582 instar
337 2537 408 2582 erat:
426 2530 607 2598 laqueataque
617 2536 693 2582 tecta
703 2528 828 2582 ferebant

89 2602 215 2663 Diutius,
229 2615 404 2669 crassumque
416 2600 507 2650 trabes
521 2599 703 2651 absconderat
714 2615 817 2651 aurum.

88 2671 146 2723 Nec
160 2671 270 2722 summis
282 2675 403 2722 crustata
414 2669 519 2732 domus,
532 2671 667 2737 sectisque
680 2669 784 2720 nitebat
