1956 3106
135 188 186 238 228
309 184 346 233 Μ.
383 181 486 232 aad.
522 180 705 233 bucANl

88 309 123 359 45
136 306 233 356 Totius
244 303 303 365 fati,
313 301 473 352 lacerandas
484 300 609 366 praebuit
615 301 704 351 urbes.

133 375 188 426 Sed
199 373 307 433 cecidit,
318 370 461 436 Babylone
473 374 523 420 sua
533 368 690 438 Parthoque
700 370 844 422 verendus.

132 445 187 494 Pro
200 439 300 509 pudor!
320 441 372 491 Eoi
383 440 494 507 propius
505 438 621 490 timuere
632 440 755 501 sarissas,

135 514 223 575 Quam
233 526 303 560 nunc
315 510 369 576 pila
380 510 485 569 timent,
497 508 598 573 populi.
626 508 708 559 Licet
723 523 809 577 usque
819 508 869 561 sub

608 578 710 627 Arcton

133 652 302 717 Regnemus,
330 643 504 713 Zephyrique
532 644 629 697 domos
648 652 791 715 terrasque
812 660 871 715 pre·

607 731 712 766 mamus

89 789 123 838 50
134 786 287 855 Flagrantis
298 790 362 850 post
372 790 451 851 terga
462 782 539 834 Noti:
559 784 686 835 cedemus
696 786 724 835 in
735 790 814 836 ortus

132 855 290 908 Arsacidum
302 854 420 904 domino.
448 852 510 904 Non
521 852 586 904 felix
599 850 711 904 Parthia
723 854 830 905 Crassis

131 925 255 992 Exiguae
268 938 366 973 secura
376 922 427 973 fuit
438 923 579 990 prosincia
590 923 691 974 Pellae.

184 995 242 1044 lam
253 993 396 1043 Pelusiaco
407 993 517 1042 sternens
529 1008 545 1041 a
556 995 662 1060 gurgite
674 991 727 1042 Nili

132 1064 190 1114 Rex
203 1078 278 1129 puer,
289 1061 404 1112 imbellis
416 1061 510 1127 populi
521 1063 665 1111 sedaverat
675 1062 740 1124 iras,

89 1134 123 1183 55
135 1133 237 1185 Obside
249 1147 301 1200 quo
313 1133 388 1199 pacis
401 1132 510 1181 Pellaea
520 1136 595 1181 tutus
606 1133 632 1180 in
645 1131 707 1180 aula

134 1205 235 1254 Caesar
246 1207 319 1252 erat:
339 1216 400 1251 cum
412 1216 440 1249 se
451 1215 537 1266 parra
549 1200 694 1266 Cleopatra
704 1201 813 1263 biremi,

134 1274 270 1338 Corrupto
284 1270 397 1320 custode
412 1268 496 1319 Phari
505 1268 598 1319 laxare
610 1275 730 1331 catenas,

132 1336 226 1391 Intulit
237 1337 379 1400 Emathiis,
390 1341 485 1406 ignaro
501 1339 626 1399 Caesare,
637 1339 732 1402 tectis3

133 1410 261 1460 Dedecus
271 1410 397 1476 Aegypti,
409 1408 482 1457 Latii
495 1407 587 1458 feralis
597 1409 724 1473 Erinnys,

91 1480 124 1529 50
136 1480 258 1529 Romano
270 1493 323 1528 non
332 1483 408 1527 casta
419 1477 500 1527 malo.
523 1477 658 1537 Quantum
669 1477 777 1543 impulit
788 1478 874 1545 Argos

136 1550 285 1614 lliacasqne
297 1547 392 1596 domos
403 1545 474 1595 facie
486 1544 622 1612 Spartana
632 1548 750 1609 nocenti,

135 1618 286 1681 Hesperios
301 1616 376 1664 auxit
388 1621 494 1663 tantum
512 1615 659 1681 Cleopatra
668 1615 784 1667 furores.

135 1686 247 1735 Terruit
257 1683 303 1732 illa
316 1697 374 1744 suo,
388 1683 409 1730 si
423 1682 473 1742 fas,
487 1685 621 1749 Capitolia
631 1686 722 1747 sistro,

135 1756 171 1805 Et
181 1754 305 1804 Ronrana
315 1754 385 1819 petit
394 1752 494 1802 imbelli
507 1755 584 1820 signa
596 1755 717 1821 Canopo,

91 1826 124 1875 55
139 1827 256 1875 Caesare
269 1823 377 1888 captivo
391 1819 505 1871 Pharios
517 1823 634 1873 ductura
644 1822 815 1891 triumphos:

135 1893 330 1959 Leucadioque
342 1890 393 1940 fuit
405 1891 500 1940 dubius
513 1892 562 1940 snb
575 1895 682 1960 gurgite
692 1909 782 1958 casus,

134 1967 173 2013 :ln
185 1962 314 2012 mundum
325 1975 358 2010 ne
370 1967 464 2010 nostra
476 1961 583 2027 quidem
599 1969 725 2015 matrona
740 1969 859 2017 teneret.

135 2035 196 2082 lloe
209 2032 290 2082 animi
301 2044 356 2078 nox
367 2030 413 2079 illa
425 2030 514 2092 dedit,
527 2046 595 2097 quae
607 2033 694 2098 prima
704 2033 787 2085 cubili

134 2102 245 2152 Miscuit
254 2101 387 2150 incestam
398 2099 512 2150 ducibus
522 2100 694 2153 Ptolemaida
701 2106 813 2155 nostris.

92 2175 125 2223 70
137 2172 203 2232 Quis
215 2169 264 2219 tibi
274 2171 367 2219 vesani
378 2170 483 2219 veniam
495 2186 549 2220 non
562 2168 646 2222 donet
656 2174 767 2234 amoris,

134 2237 249 2290 Antonii
268 2238 364 2288 durum
377 2254 438 2289 cum
451 2240 577 2291 Caesaris
588 2237 709 2291 hauserit
719 2243 799 2309 ignes

133 2309 243 2369 Pectus,
258 2314 285 2357 et
294 2308 321 2356 in
333 2308 423 2358 media
431 2308 516 2372 rabie,
527 2309 671 2377 medioque
682 2308 787 2374 furore,

133 2380 171 2429 ldt
181 2377 355 2443 Pompeianis
367 2375 491 2428 habitata
502 2378 626 2429 manibus
638 2378 709 2441 aula,

136 2446 273 2515 Sanguine
285 2444 444 2497 Thessaliae
457 2446 541 2498 eladis
551 2445 677 2513 perfusus
691 2448 802 2500 adulter
894 2512 897 2519 Ι

91 2518 125 2568 ‘15
135 2516 251 2567 Admisit
261 2516 397 2566 Venerem
409 2517 488 2578 curis,
501 2521 529 2566 ct
539 2518 648 2567 miscuit
659 2518 740 2568 armis

135 2585 301 2651 Illicitosque
311 2592 398 2646 toros,
412 2590 439 2635 et
451 2599 504 2635 non
516 2599 549 2635 ex
559 2587 674 2654 coniuge
686 2584 800 2653 partusl
896 2594 900 2603 ·

136 2655 190 2704 Pro
201 2652 304 2719 pudor!
324 2653 422 2703 oblitus
433 2655 535 2721 Magni,
547 2654 605 2716 tibi,
616 2655 692 2717 lulia,
704 2654 806 2706 fratres
896 2662 901 2723 ζ

136 2722 261 2773 Obscena
274 2722 307 2771 de
318 2730 405 2774 matre
418 2723 505 2773 dedit:
525 2729 671 2792 partesque
681 2723 792 2794 fugata

895 2842 912 2957 l
