1956 3106
183 100 483 178 'runnsnurn
520 127 726 178 urnvur.
779 127 833 179 rer
888 157 891 206 3

92 281 839 382 lamsuperHerculeasiauces‚nemorosaque'l'empe,

91 382 264 431 Haemoniae
277 382 386 431 deserte
396 387 492 446 petens
503 379 645 447 dispendia
655 381 747 442 silvae,

94 451 276 515 Cornipedem
295 448 457 499 exhaustum
477 465 572 510 cursu,
595 449 763 516 stimulisque
784 466 830 502 ne·

86 531 92 541 '
601 522 676 567 ntem

92 586 210 652 Magnus
223 601 315 652 egens,
325 587 431 637 incerta
443 585 525 653 fugae
536 531 652 653 vegligia
663 585 765 646 turbat,

78 673 80 678 ·
93 655 296 720 Implicitasque
307 669 400 705 errore
411 656 478 706 vioe.
509 654 596 705 Pavet
604 656 649 706 ille
660 654 799 722 fragorem
874 656 890 706 5

92 723 233 773 Motorum
245 725 332 773 ventis
342 739 493 786 nemorum,
504 725 687 791 comitumque
698 738 819 784 suorum,

93 792 150 852 Qui
158 798 222 858 post
232 798 311 862 terga
321 792 396 856 ierit,
409 793 545 858 trepidum
550 792 681 860 laterique
688 794 831 843 timentem

94 861 248 912 Exanimat.
279 863 407 923 Quamvis
418 871 525 912 summo·
536 862 569 911 de
582 862 696 912 culmine
707 862 810 928 lapsus,

93 928 220 980 Nondum
229 931 282 980 vile
292 933 332 980 sui
344 931 461 996 pretium
471 932 523 980 scit
533 933 670 997 sanguinis
682 946 752 994 esse,

92 996 192 1066 Seque,
205 1014 310 1050 memor
319 999 378 1060 fati,
389 1005 483 1049 tantae
493 1000 625 1049 mercedis
637 997 739 1049 habere
857 1001 890 1052 lo

95 1068 188 1118 Credit
199 1067 288 1118 adhuc
297 1069 426 1134 iugulum,
437 1074 567 1134 quantam
578 1080 627 1132 pro
639 1069 764 1119 Caesaris
771 1069 832 1135 lpse

93 1136 192 1186 Avulsa
202 1138 308 1188 cervice
319 1136 406 1186 daret.
435 1136 555 1187 Deserta
566 1141 725 1202 sequentem

93 1204 155 1253 Non
166 1207 270 1270 potitur
279 1205 344 1255 tutis
354 1204 440 1257 letum
451 1205 541 1255 celare
551 1204 662 1255 latebris

94 1273 174 1321 Clara
183 1274 234 1322 viri
242 1272 336 1325 iacies.
364 1274 444 1324 Multi
455 1272 613 1325 Pharsalica
624 1278 715 1323 eastra

93 1342 161 1390 Cum
171 1347 304 1406 peterent,
316 1342 435 1393 nondum
444 1342 519 1392 lema
528 1342 661 1408 prodente
672 1343 773 1403 nunes,
854 1343 888 1392 15

92 1409 217 1461 Occursu
228 1416 357 1476 stupuere
369 1411 454 1474 ducis,
466 1413 599 1478 vertigine
611 1424 702 1461 rerum

90 1479 226 1529 Adtoniti:
246 1479 383 1547 cladisque
393 1496 459 1533 suae
471 1482 516 1530 alx
525 1482 584 1546 ipse
595 1481 682 1530 tidelis

91 1549 194 1599 Auctor
206 1555 273 1600 erat
303 1549 401 1601 Gravis
412 1557 455 1602 est
464 1552 581 1618 Magno,
598 1551 760 1616 quicumque
770 1562 826 1599 ma·

622 1619 711 1669 lorum

91 1687 184 1736 Testis
196 1687 282 1737 adest.
310 1689 420 1738 Cunctis
432 1690 541 1754 ignotus
552 1688 678 1755 gentibus
690 1701 749 1737 csse

90 1754 197 1815 Madet,
209 1759 237 1804 et
247 1756 364 1806 obscuro
375 1763 450 1806 tutus
461 1758 580 1807 mannire
590 1772 639 1822 per
650 1755 745 1806 orbem
854 1759 887 1806 2⁰

92 1820 222 1872 Nomine:
241 1823 289 1873 sed
299 1824 374 1890 longi
384 1839 488 1888 poenas
498 1826 621 1876 Fortuna
629 1824 733 1874 favoris

92 1890 187 1957 Exigit
196 1904 213 1939 a
221 1892 331 1952 misero,
342 1907 411 1958 quae
420 1898 498 1944 tanto
508 1893 629 1959 pendere
639 1892 730 1942 famae

92 1958 146 2008 Res
157 1961 256 2025 premit
268 1959 403 2020 adversas,
414 1960 532 2029 fatisque
543 1962 680 2028 prioribus
690 1967 779 2028 urget.

93 2026 172 2077 Nunc
183 2026 326 2077 festinatos
339 2029 448 2079 nimium
459 2031 512 2080 sibi
524 2032 606 2080 sentit
615 2029 744 2090 honores,

91 2098 214 2163 Actaque
225 2095 370 2146 lauriferae
380 2096 491 2147 damnat
502 2097 612 2148 Sollarra
620 2099 756 2148 iuventae.
854 2101 888 2150 25

91 2164 211 2216 Nuncet
223 2166 354 2230 Corycias
366 2165 475 2227 classes,
488 2172 516 2217 et
526 2167 643 2216 Pontica
653 2167 731 2232 signa

91 2235 236 2285 Deiectum
247 2235 402 2284 meminisse
413 2235 495 2301 piget.
524 2233 570 2285 Sic
578 2235 685 2302 longius
696 2249 793 2286 aarum

91 2303 217 2354 Destruit
225 2305 350 2370 ingentes
362 2303 475 2366 animos,
487 2306 582 2354 etrite
592 2309 731 2370 superstes

90 2373 218 2436 Imperio.
247 2371 305 2423 Nisi
317 2388 423 2422 summa
433 2373 491 2424 dies
502 2388 563 2424 cum
574 2373 628 2422 fine
637 2373 772 2424 bonorum

90 2440 192 2502 Adfuit,
205 2447 233 2492 et
245 2441 327 2493 celeri
337 2445 487 2507 praevertit
497 2443 587 2494 tristia
597 2443 663 2503 leto,
850 2445 886 2497 dt)
930 2483 934 2486 -

90 2508 228 2560 Dedecori
239 2512 502 2577 eetFortunaprior.
523 2513 707 2578 Quisquamne
716 2513 843 2565 secundis

90 2577 214 2628 Tradere
225 2578 329 2630 sciatis
340 2581 430 2643 audet,
443 2581 494 2630 nisi
505 2586 593 2631 morte
605 2577 718 2646 paratal
788 2615 792 2623 .

87 2643 186 2697 Litora
196 2649 357 2716 contigerat,
369 2665 418 2716 per
430 2664 498 2717 quae
510 2650 625 2701 Peneius
637 2649 732 2712 amnis,
