1950 3218
151 181 185 233 ts
323 180 361 229 11.
397 176 497 229 ANN.
533 174 714 229 nuanl

152 299 238 361 Felix,
251 300 296 366 qui
308 299 406 364 potuit,
418 297 510 347 mundi
520 302 633 347 nutante
643 298 731 359 ruina,

152 369 213 429 Quo
225 370 315 419 iaceat
325 369 378 417 iam
391 368 460 417 scire
471 367 543 417 loco.
571 365 631 416 b'on
643 366 749 431 proelia
758 365 851 419 fessos

89 437 140 489 395
153 439 213 490 Ulla
221 443 331 498 vocant,
345 442 436 486 certos
447 451 501 486 non
511 443 639 501 rumpunt
645 436 761 487 classica
767 450 889 487 somnos.

150 509 208 558 lam
220 509 327 567 coniux,
339 507 450 572 natique
460 505 550 566 rudes,
563 511 591 555 et
601 504 713 555 sordida
722 511 809 568 tecta,

149 578 187 628 Et
196 592 250 626 non
261 576 394 626 deductos
407 576 504 640 recipit
514 589 564 624 sua
575 579 651 624 terra
660 573 784 625 colonos.

149 647 213 696 lloc
224 659 331 711 quoquc
344 645 447 693 securis
459 644 549 693 oneris
560 642 672 693 fortuna
682 645 797 705 remisit,

150 714 288 765 Sollicitus
299 715 382 762 menti
395 713 465 779 quod
478 713 557 763 abest
566 712 652 762 favor.
681 712 730 763 llle
740 712 838 763 salutis

88 786 139 834 400
152 785 203 834 Est
214 789 320 843 auctor,
331 782 386 832 dux
397 783 441 832 ille
452 781 512 831 luit.
541 779 587 832 Sic
597 782 703 847 proelia
714 781 766 833 soli

148 854 254 904 Felices
266 850 338 901 nullo
350 856 476 916 spectant
488 851 577 901 civilia
588 858 662 901 roto.

199 920 262 972 Non
272 921 368 972 eadem
379 921 442 970 belli
453 927 541 971 totum
552 920 664 970 fortuna
674 936 724 987 per
736 922 832 973 orbem

150 992 294 1042 Constitit:
304 993 332 1041 in
344 996 436 1057 partes
449 990 548 1057 aliquid
560 990 607 1040 sed
621 991 746 1042 Caesaris
756 1006 827 1043 ausa
837 998 889 1055 est,

151 1063 211 1121 Qua
222 1062 305 1112 maris
317 1061 448 1112 Hadriaci
459 1061 555 1128 longas
566 1059 631 1110 ierit
642 1061 715 1112 unda
725 1059 854 1125 Salonas,

87 1131 138 1181 405
148 1133 185 1182 Et
194 1131 317 1197 tepidum
326 1132 355 1180 in
364 1130 459 1180 molles
470 1128 613 1195 Zephyros
625 1132 747 1181 excurrit
757 1132 848 1183 leder.

149 1202 205 1251 lllic
215 1201 313 1253 bellaci
325 1201 444 1251 conlisus
454 1206 536 1267 gente
548 1201 686 1262 Curetum,

149 1272 225 1332 Quos
236 1272 285 1321 alit
296 1270 436 1320 Hadriaco
447 1269 528 1319 tellus
541 1268 699 1319 circumflua
710 1278 808 1336 ponto,

148 1340 290 1391 Clauditur
304 1346 428 1390 extrema
437 1339 559 1390 residens
572 1340 704 1390 Antonius
715 1355 774 1401 ora,

148 1411 250 1461 Cautus
260 1408 294 1459 ab
305 1410 415 1458 incursu
426 1408 498 1470 belli,
510 1410 531 1458 si
544 1408 604 1457 sola
614 1409 735 1469 recedat,

85 1479 137 1529 4110
149 1479 296 1545 Expugnat
308 1484 456 1543 quaesita,
470 1477 565 1527 lanies.
594 1477 654 1528 Non
666 1478 766 1544 pabula
779 1480 862 1533 tellus

146 1546 295 1597 Pascendis
306 1547 441 1596 submittit
453 1548 538 1613 equis,
549 1562 603 1595 non
615 1550 734 1613 proserit
745 1549 829 1600 ullam

148 1617 232 1666 Flava
242 1617 324 1666 Ceres
336 1623 471 1682 segetem:
484 1616 621 1680 spoliabat
627 1619 750 1684 gramine
761 1634 890 1686 campum

148 1686 235 1745 bliles,
246 1691 275 1735 et
285 1685 400 1735 adtonso
412 1686 517 1734 miseris
529 1686 582 1734 iam
594 1686 720 1737 dentibus
733 1702 800 1739 arro

148 1756 306 1804 Castrorum
318 1756 406 1805 siccas
417 1754 451 1805 de
464 1756 568 1819 cespite
579 1755 700 1806 sulserat
709 1754 820 1808 herbas.

85 1824 138 1875 415
150 1825 186 1875 Ut
199 1826 313 1889 primum
325 1824 456 1875 adversae
466 1827 557 1874 socios
567 1827 594 1874 in
605 1825 686 1877 litore
697 1833 789 1877 terrae

149 1896 183 1944 Et
195 1893 315 1945 Basilum
326 1893 419 1944 videre
430 1895 541 1944 ducem:
558 1910 628 1945 nora
639 1894 713 1947 furta
723 1912 773 1962 per
783 1912 889 1964 aequor

148 1965 291 2029 Exquisita
300 1963 391 2030 fugae.
420 1963 515 2030 Neque
527 1966 597 2014 eninr
608 1965 641 2015 de
653 1981 729 2017 more
743 1968 854 2018 carinas

148 2033 314 2094 Extendunt,
328 2049 486 2100 puppesque
498 2035 598 2095 lerunt,
611 2035 659 2085 sed
670 2036 749 2085 firmo
759 2036 888 2103 gerendis

147 2103 266 2155 Molibus
275 2103 385 2153 insolito
399 2110 549 2154 contexunt
560 2104 661 2154 robora
673 2105 766 2154 ductu.

86 2175 137 2223 42⁰
150 2172 273 2239 Namque
285 2179 373 2222 ratem
384 2189 488 2223 vacuae
500 2170 654 2224 sustentant
660 2174 779 2241 undique
789 2190 888 2243 cupae,

148 2244 268 2304 Qirnrnm
281 2244 414 2307 porrectis
426 2244 510 2294 series
521 2245 672 2293 constricta
683 2245 789 2295 catenis

148 2312 295 2362 (inclinibus
306 2313 420 2379 geminis
431 2313 554 2378 obliquas
567 2313 668 2378 excipit
679 2313 765 2365 alnos.

146 2382 204 2433 Nec
215 2383 286 2447 gerit
299 2384 453 2446 expositum
464 2381 525 2431 telis
537 2383 562 2430 in
574 2380 665 2432 fronte
676 2384 784 2447 patenti

147 2452 314 2518 Rerrriglrrrn:
336 2452 398 2512 sed,
419 2451 491 2518 qnod
499 2450 621 2501 trabibus
644 2452 827 2505 circumdedit
841 2468 887 2505 ae·

563 2535 640 2585 quor,

84 2588 137 2638 4²5
150 2590 210 2639 lloc
221 2589 294 2645 ferit,
307 2596 334 2640 et
345 2589 422 2639 taciti
433 2586 548 2652 praebet
558 2591 690 2641 miracula
701 2606 808 2655 cursus,

148 2657 227 2717 Qnml
240 2673 289 2708 nec
300 2656 456 2717 relafcrat,
466 2670 516 2706 nec
529 2665 639 2723 apertas
650 2660 779 2713 verberet
789 2661 883 2717 undas

147 2729 224 2776 'l'nnc
237 2726 310 2776 freta
321 2734 473 2788 serrantur,
485 2725 548 2776 dum
561 2744 591 2779 se
602 2728 751 2783 declivibus
762 2732 843 2784 undis
