<?xml version="1.0" encoding="UTF-8"?>
<!DOCTYPE html PUBLIC "-//W3C//DTD XHTML 1.0 Transitional//EN"
    "http://www.w3.org/TR/xhtml1/DTD/xhtml1-transitional.dtd">
<html xmlns="http://www.w3.org/1999/xhtml" xml:lang="en" lang="en">
 <head>
  <title>
</title>
<meta http-equiv="Content-Type" content="text/html;charset=utf-8" />
  <meta name='ocr-system' content='tesseract 3.04.00' />
  <meta name='ocr-capabilities' content='ocr_page ocr_carea ocr_par ocr_line ocrx_word'/>
</head>
<body>
  <div class='ocr_page' id='page_1' title='image "./mannaeilucaniph01lucagoog_0191.png"; bbox 0 0 1956 3106; ppageno 0'>
   <div class='ocr_carea' id='block_1_1' title="bbox 155 152 721 208">
    <p class='ocr_par' dir='ltr' id='par_1_1' title="bbox 155 152 721 208">
     <span class='ocr_line' id='line_1_1' title="bbox 155 152 721 208; baseline -0.004 -1"><span class='ocrx_word' id='word_1_1' title='bbox 155 158 206 208; x_wconf 83' lang='lat'><strong><em>182</em></strong></span> <span class='ocrx_word' id='word_1_2' title='bbox 326 156 364 207; x_wconf 87' lang='grc' dir='ltr'><strong><em>Μ.</em></strong></span> <span class='ocrx_word' id='word_1_3' title='bbox 401 152 505 205; x_wconf 83' lang='grc' dir='ltr'><strong>ΑΝΝ.</strong></span> <span class='ocrx_word' id='word_1_4' title='bbox 542 152 721 205; x_wconf 81' lang='lat' dir='ltr'><strong>LUCANI</strong></span> 
     </span>
    </p>
   </div>
   <div class='ocr_carea' id='block_1_2' title="bbox 89 272 893 2751">
    <p class='ocr_par' dir='ltr' id='par_1_2' title="bbox 96 272 893 614">
     <span class='ocr_line' id='line_1_2' title="bbox 96 272 752 344; baseline -0.003 -19"><span class='ocrx_word' id='word_1_5' title='bbox 96 277 147 326; x_wconf 88' lang='grc'><strong><em>515</em></strong></span> <span class='ocrx_word' id='word_1_6' title='bbox 161 274 265 326; x_wconf 80' lang='lat' dir='ltr'><strong><em>Victori</em></strong></span> <span class='ocrx_word' id='word_1_7' title='bbox 276 284 398 341; x_wconf 73' lang='lat' dir='ltr'><strong><em>eonspecta</em></strong></span> <span class='ocrx_word' id='word_1_8' title='bbox 406 273 500 344; x_wconf 81' lang='lat' dir='ltr'><strong><em>facit?</em></strong></span> <span class='ocrx_word' id='word_1_9' title='bbox 519 289 567 323; x_wconf 86' lang='lat' dir='ltr'><strong><em>car</em></strong></span> <span class='ocrx_word' id='word_1_10' title='bbox 577 275 634 323; x_wconf 81' lang='lat' dir='ltr'><strong><em>oola</em></strong></span> <span class='ocrx_word' id='word_1_11' title='bbox 645 272 752 325; x_wconf 87' lang='lat' dir='ltr'><strong><em>cadenti</em></strong></span> 
     </span>
     <span class='ocr_line' id='line_1_3' title="bbox 157 340 830 412; baseline 0 -18"><span class='ocrx_word' id='word_1_12' title='bbox 157 344 234 395; x_wconf 78' lang='lat' dir='ltr'><strong><em>llaec</em></strong></span> <span class='ocrx_word' id='word_1_13' title='bbox 243 345 347 408; x_wconf 77' lang='lat' dir='ltr'><strong><em>placuit</em></strong></span> <span class='ocrx_word' id='word_1_14' title='bbox 360 346 450 405; x_wconf 79' lang='lat' dir='ltr'><strong><em>tellao,</em></strong></span> <span class='ocrx_word' id='word_1_15' title='bbox 461 344 489 394; x_wconf 89' lang='lat' dir='ltr'><strong><em>in</em></strong></span> <span class='ocrx_word' id='word_1_16' title='bbox 501 359 580 409; x_wconf 81' lang='lat' dir='ltr'><strong><em>quam</em></strong></span> <span class='ocrx_word' id='word_1_17' title='bbox 592 340 830 412; x_wconf 81' lang='lat' dir='ltr'><strong><em>Plcaraalicasata</em></strong></span> 
     </span>
     <span class='ocr_line' id='line_1_4' title="bbox 162 409 893 484; baseline 0 -21"><span class='ocrx_word' id='word_1_18' title='bbox 162 412 315 484; x_wconf 69' lang='lat' dir='ltr'><strong><em>Caeserni,</em></strong></span> <span class='ocrx_word' id='word_1_19' title='bbox 324 428 475 479; x_wconf 77' lang='lat' dir='ltr'><strong><em>poenasque</em></strong></span> <span class='ocrx_word' id='word_1_20' title='bbox 485 412 565 462; x_wconf 86' lang='lat' dir='ltr'><strong><em>tuas?</em></strong></span> <span class='ocrx_word' id='word_1_21' title='bbox 584 411 642 461; x_wconf 89' lang='lat' dir='ltr'><strong><em>lam</em></strong></span> <span class='ocrx_word' id='word_1_22' title='bbox 654 410 753 462; x_wconf 87' lang='lat' dir='ltr'><strong><em>crimen</em></strong></span> <span class='ocrx_word' id='word_1_23' title='bbox 767 409 893 463; x_wconf 75' lang='lat' dir='ltr'><strong><em>labemus</em></strong></span> 
     </span>
     <span class='ocr_line' id='line_1_5' title="bbox 157 480 854 549; baseline 0.001 -18"><span class='ocrx_word' id='word_1_24' title='bbox 157 482 334 549; x_wconf 75' lang='lat' dir='ltr'><strong><em>Purgandum</em></strong></span> <span class='ocrx_word' id='word_1_25' title='bbox 343 480 452 549; x_wconf 83' lang='lat' dir='ltr'><strong><em>gladio,</em></strong></span> <span class='ocrx_word' id='word_1_26' title='bbox 464 480 534 546; x_wconf 88' lang='lat' dir='ltr'><strong><em>quod</em></strong></span> <span class='ocrx_word' id='word_1_27' title='bbox 543 480 616 531; x_wconf 86' lang='lat' dir='ltr'><strong><em>nolis</em></strong></span> <span class='ocrx_word' id='word_1_28' title='bbox 627 489 733 547; x_wconf 76' lang='lat' dir='ltr'><strong><em>sceptro</em></strong></span> <span class='ocrx_word' id='word_1_29' title='bbox 744 489 854 532; x_wconf 72' lang='lat' dir='ltr'><strong><em>cenatus</em></strong></span> 
     </span>
     <span class='ocr_line' id='line_1_6' title="bbox 160 547 817 614; baseline -0.005 -11"><span class='ocrx_word' id='word_1_30' title='bbox 160 550 197 603; x_wconf 85' lang='lat' dir='ltr'><strong><em>Te</em></strong></span> <span class='ocrx_word' id='word_1_31' title='bbox 207 552 333 603; x_wconf 78' lang='lat' dir='ltr'><strong><em>euadente</em></strong></span> <span class='ocrx_word' id='word_1_32' title='bbox 345 549 428 601; x_wconf 80' lang='lat' dir='ltr'><strong><em>dedit.</em></strong></span> <span class='ocrx_word' id='word_1_33' title='bbox 454 547 528 600; x_wconf 84' lang='lat' dir='ltr'><strong><em>Votis</em></strong></span> <span class='ocrx_word' id='word_1_34' title='bbox 541 559 590 599; x_wconf 86' lang='lat' dir='ltr'><strong><em>tua</em></strong></span> <span class='ocrx_word' id='word_1_35' title='bbox 598 548 718 614; x_wconf 81' lang='lat' dir='ltr'><strong><em>fovimus</em></strong></span> <span class='ocrx_word' id='word_1_36' title='bbox 729 564 817 600; x_wconf 86' lang='lat' dir='ltr'><strong><em>arma.</em></strong></span> 
     </span>
    </p>

    <p class='ocr_par' dir='ltr' id='par_1_3' title="bbox 97 617 892 884">
     <span class='ocr_line' id='line_1_7' title="bbox 97 617 867 690; baseline -0.003 -20"><span class='ocrx_word' id='word_1_37' title='bbox 97 622 149 670; x_wconf 79' lang='lat'><strong><em>520</em></strong></span> <span class='ocrx_word' id='word_1_38' title='bbox 163 620 351 690; x_wconf 75' lang='lat' dir='ltr'><strong><em>Housmam,</em></strong></span> <span class='ocrx_word' id='word_1_39' title='bbox 362 619 505 688; x_wconf 78' lang='lat' dir='ltr'><strong><em>quodfata</em></strong></span> <span class='ocrx_word' id='word_1_40' title='bbox 515 617 608 668; x_wconf 82' lang='lat' dir='ltr'><strong><em>iubent</em></strong></span> <span class='ocrx_word' id='word_1_41' title='bbox 615 619 757 683; x_wconf 77' lang='lat' dir='ltr'><strong><em>proferre,</em></strong></span> <span class='ocrx_word' id='word_1_42' title='bbox 764 617 867 684; x_wconf 79' lang='lat' dir='ltr'><strong><em>parari</em></strong></span> 
     </span>
     <span class='ocr_line' id='line_1_8' title="bbox 158 684 892 754; baseline -0.001 -16"><span class='ocrx_word' id='word_1_43' title='bbox 158 688 220 740; x_wconf 70' lang='lat' dir='ltr'><strong><em>Non</em></strong></span> <span class='ocrx_word' id='word_1_44' title='bbox 231 689 293 749; x_wconf 86' lang='lat' dir='ltr'><strong><em>tibi,</em></strong></span> <span class='ocrx_word' id='word_1_45' title='bbox 305 689 351 738; x_wconf 83' lang='lat' dir='ltr'><strong><em>sed</em></strong></span> <span class='ocrx_word' id='word_1_46' title='bbox 360 687 439 738; x_wconf 84' lang='lat' dir='ltr'><strong><em>victo.</em></strong></span> <span class='ocrx_word' id='word_1_47' title='bbox 463 685 573 736; x_wconf 78' lang='lat' dir='ltr'><strong><em>Feriam</em></strong></span> <span class='ocrx_word' id='word_1_48' title='bbox 586 695 633 737; x_wconf 90' lang='lat' dir='ltr'><strong><em>tua</em></strong></span> <span class='ocrx_word' id='word_1_49' title='bbox 644 687 748 736; x_wconf 83' lang='lat' dir='ltr'><strong><em>nitcera</em></strong></span> <span class='ocrx_word' id='word_1_50' title='bbox 755 722 762 746; x_wconf 93' lang='lat'><strong><em>,</em></strong></span> <span class='ocrx_word' id='word_1_51' title='bbox 775 684 892 754; x_wconf 81' lang='lat' dir='ltr'><em>Magne:</em></span> 
     </span>
     <span class='ocr_line' id='line_1_9' title="bbox 159 755 892 825; baseline 0 -19"><span class='ocrx_word' id='word_1_52' title='bbox 159 756 311 808; x_wconf 80' lang='lat' dir='ltr'><strong><em>Malueram</em></strong></span> <span class='ocrx_word' id='word_1_53' title='bbox 322 755 421 806; x_wconf 88' lang='lat' dir='ltr'><strong><em>soceri:</em></strong></span> <span class='ocrx_word' id='word_1_54' title='bbox 432 755 565 821; x_wconf 74' lang='lat' dir='ltr'><strong><em>rapimur,</em></strong></span> <span class='ocrx_word' id='word_1_55' title='bbox 577 771 628 821; x_wconf 85' lang='lat' dir='ltr'><strong><em>qao</em></strong></span> <span class='ocrx_word' id='word_1_56' title='bbox 641 763 740 806; x_wconf 88' lang='lat' dir='ltr'><strong><em>cancta</em></strong></span> <span class='ocrx_word' id='word_1_57' title='bbox 746 755 892 825; x_wconf 86' lang='lat' dir='ltr'><strong><em>feruntur.</em></strong></span> 
     </span>
     <span class='ocr_line' id='line_1_10' title="bbox 159 824 752 884; baseline -0.005 -8"><span class='ocrx_word' id='word_1_58' title='bbox 159 825 229 876; x_wconf 86' lang='lat' dir='ltr'><strong><em>Tene</em></strong></span> <span class='ocrx_word' id='word_1_59' title='bbox 241 824 306 874; x_wconf 75' lang='lat' dir='ltr'><strong><em>taidi</em></strong></span> <span class='ocrx_word' id='word_1_60' title='bbox 317 824 424 874; x_wconf 82' lang='lat' dir='ltr'><strong><em>dubitas</em></strong></span> <span class='ocrx_word' id='word_1_61' title='bbox 436 842 470 876; x_wconf 92' lang='lat' dir='ltr'><strong><em>an</em></strong></span> <span class='ocrx_word' id='word_1_62' title='bbox 481 824 520 874; x_wconf 87' lang='lat' dir='ltr'><strong><em>sit</em></strong></span> <span class='ocrx_word' id='word_1_63' title='bbox 529 824 629 875; x_wconf 84' lang='lat' dir='ltr'><strong><em>uiolare</em></strong></span> <span class='ocrx_word' id='word_1_64' title='bbox 640 839 752 884; x_wconf 80' lang='lat' dir='ltr'><strong><em>nectare,</em></strong></span> 
     </span>
    </p>

    <p class='ocr_par' dir='ltr' id='par_1_4' title="bbox 158 892 747 960">
     <span class='ocr_line' id='line_1_11' title="bbox 158 892 747 960; baseline 0 -18"><span class='ocrx_word' id='word_1_65' title='bbox 158 893 224 943; x_wconf 80' lang='lat' dir='ltr'><strong><em>Cum</em></strong></span> <span class='ocrx_word' id='word_1_66' title='bbox 235 893 333 944; x_wconf 84' lang='lat' dir='ltr'><strong><em>liceat?</em></strong></span> <span class='ocrx_word' id='word_1_67' title='bbox 343 893 429 945; x_wconf 83' lang='lat' dir='ltr'><strong><em>nostri</em></strong></span> <span class='ocrx_word' id='word_1_68' title='bbox 440 909 508 958; x_wconf 83' lang='lat' dir='ltr'><strong><em>quae</em></strong></span> <span class='ocrx_word' id='word_1_69' title='bbox 518 901 545 944; x_wconf 90' lang='lat' dir='ltr'><strong><em>te</em></strong></span> <span class='ocrx_word' id='word_1_70' title='bbox 549 893 657 960; x_wconf 80' lang='lat' dir='ltr'><strong><em>fiducia</em></strong></span> <span class='ocrx_word' id='word_1_71' title='bbox 667 892 747 960; x_wconf 81' lang='lat' dir='ltr'><strong><em>regni</em></strong></span> 
     </span>
    </p>

    <p class='ocr_par' dir='ltr' id='par_1_5' title="bbox 95 959 892 1170">
     <span class='ocr_line' id='line_1_12' title="bbox 95 959 892 1033; baseline 0.005 -22"><span class='ocrx_word' id='word_1_72' title='bbox 95 964 145 1012; x_wconf 78' lang='lat'><strong><em>525</em></strong></span> <span class='ocrx_word' id='word_1_73' title='bbox 157 963 219 1013; x_wconf 87' lang='lat' dir='ltr'><strong><em>llac</em></strong></span> <span class='ocrx_word' id='word_1_74' title='bbox 229 962 304 1030; x_wconf 84' lang='lat' dir='ltr'><strong><em>agit,</em></strong></span> <span class='ocrx_word' id='word_1_75' title='bbox 315 962 433 1033; x_wconf 80' lang='lat' dir='ltr'><strong><em>infelix?</em></strong></span> <span class='ocrx_word' id='word_1_76' title='bbox 457 961 590 1028; x_wconf 79' lang='lat' dir='ltr'><strong><em>Populum</em></strong></span> <span class='ocrx_word' id='word_1_77' title='bbox 602 979 653 1015; x_wconf 85' lang='lat' dir='ltr'><strong><em>aon</em></strong></span> <span class='ocrx_word' id='word_1_78' title='bbox 669 960 755 1013; x_wconf 83' lang='lat' dir='ltr'><strong><em>cernis</em></strong></span> <span class='ocrx_word' id='word_1_79' title='bbox 765 959 892 1015; x_wconf 79' lang='lat' dir='ltr'><strong><em>inermem</em></strong></span> 
     </span>
     <span class='ocr_line' id='line_1_13' title="bbox 156 1027 784 1102; baseline 0 -22"><span class='ocrx_word' id='word_1_80' title='bbox 156 1031 280 1097; x_wconf 78' lang='lat' dir='ltr'><strong><em>Arvaque</em></strong></span> <span class='ocrx_word' id='word_1_81' title='bbox 290 1031 336 1082; x_wconf 85' lang='lat' dir='ltr'><strong><em>rix</em></strong></span> <span class='ocrx_word' id='word_1_82' title='bbox 347 1030 431 1099; x_wconf 87' lang='lat' dir='ltr'><strong><em>refluo</em></strong></span> <span class='ocrx_word' id='word_1_83' title='bbox 438 1032 587 1102; x_wconf 79' lang='lat' dir='ltr'><strong><em>fodientem</em></strong></span> <span class='ocrx_word' id='word_1_84' title='bbox 598 1031 689 1082; x_wconf 90' lang='lat' dir='ltr'><strong><em>mollia</em></strong></span> <span class='ocrx_word' id='word_1_85' title='bbox 699 1027 784 1081; x_wconf 82' lang='lat' dir='ltr'><strong><em>Nilo?</em></strong></span> 
     </span>
     <span class='ocr_line' id='line_1_14' title="bbox 156 1098 741 1170; baseline -0.003 -20"><span class='ocrx_word' id='word_1_86' title='bbox 156 1099 252 1151; x_wconf 86' lang='lat' dir='ltr'><strong><em>Metiri</em></strong></span> <span class='ocrx_word' id='word_1_87' title='bbox 262 1117 310 1151; x_wconf 80' lang='lat' dir='ltr'><strong><em>tria</em></strong></span> <span class='ocrx_word' id='word_1_88' title='bbox 322 1117 408 1170; x_wconf 83' lang='lat' dir='ltr'><strong><em>regna</em></strong></span> <span class='ocrx_word' id='word_1_89' title='bbox 420 1102 502 1161; x_wconf 85' lang='lat' dir='ltr'><strong><em>decet,</em></strong></span> <span class='ocrx_word' id='word_1_90' title='bbox 513 1098 741 1169; x_wconf 76' lang='lat' dir='ltr'><strong><em>oiretqaefatori.</em></strong></span> 
     </span>
    </p>

    <p class='ocr_par' dir='ltr' id='par_1_6' title="bbox 155 1165 890 1304">
     <span class='ocr_line' id='line_1_15' title="bbox 159 1165 819 1238; baseline -0.003 -19"><span class='ocrx_word' id='word_1_91' title='bbox 159 1168 211 1231; x_wconf 81' lang='lat' dir='ltr'><strong><em>Tu,</em></strong></span> <span class='ocrx_word' id='word_1_92' title='bbox 222 1167 387 1231; x_wconf 89' lang='lat' dir='ltr'><strong><em>Ptolemaee,</em></strong></span> <span class='ocrx_word' id='word_1_93' title='bbox 396 1178 473 1237; x_wconf 79' lang='lat' dir='ltr'><strong><em>potes</em></strong></span> <span class='ocrx_word' id='word_1_94' title='bbox 482 1167 581 1236; x_wconf 84' lang='lat' dir='ltr'><strong><em>Magni</em></strong></span> <span class='ocrx_word' id='word_1_95' title='bbox 586 1168 691 1238; x_wconf 79' lang='lat' dir='ltr'><strong><em>ficlcire</em></strong></span> <span class='ocrx_word' id='word_1_96' title='bbox 702 1165 819 1229; x_wconf 82' lang='lat' dir='ltr'><strong><em>ruinam,</em></strong></span> 
     </span>
     <span class='ocr_line' id='line_1_16' title="bbox 155 1236 890 1304; baseline 0 -14"><span class='ocrx_word' id='word_1_97' title='bbox 155 1239 209 1290; x_wconf 78' lang='lat' dir='ltr'><strong><em>Sul</em></strong></span> <span class='ocrx_word' id='word_1_98' title='bbox 221 1256 273 1304; x_wconf 79' lang='lat' dir='ltr'><strong><em>qua</em></strong></span> <span class='ocrx_word' id='word_1_99' title='bbox 287 1238 375 1289; x_wconf 83' lang='lat' dir='ltr'><strong><em>Roma</em></strong></span> <span class='ocrx_word' id='word_1_100' title='bbox 383 1239 472 1290; x_wconf 76' lang='lat' dir='ltr'><strong><em>iacet?</em></strong></span> <span class='ocrx_word' id='word_1_101' title='bbox 490 1238 608 1299; x_wconf 80' lang='lat' dir='ltr'><strong><em>lustum,</em></strong></span> <span class='ocrx_word' id='word_1_102' title='bbox 620 1236 773 1302; x_wconf 78' lang='lat' dir='ltr'><strong><em>cineresque</em></strong></span> <span class='ocrx_word' id='word_1_103' title='bbox 785 1252 890 1290; x_wconf 81' lang='lat' dir='ltr'><strong><em>movere</em></strong></span> 
     </span>
    </p>

    <p class='ocr_par' dir='ltr' id='par_1_7' title="bbox 94 1306 892 1643">
     <span class='ocr_line' id='line_1_17' title="bbox 94 1306 846 1372; baseline -0.003 -14"><span class='ocrx_word' id='word_1_104' title='bbox 94 1309 145 1359; x_wconf 83' lang='grc'><strong><em>530</em></strong></span> <span class='ocrx_word' id='word_1_105' title='bbox 159 1308 323 1359; x_wconf 73' lang='lat' dir='ltr'><strong><em>Thessalicos</em></strong></span> <span class='ocrx_word' id='word_1_106' title='bbox 334 1308 428 1367; x_wconf 82' lang='lat' dir='ltr'><strong><em>audeo,</em></strong></span> <span class='ocrx_word' id='word_1_107' title='bbox 440 1309 584 1372; x_wconf 73' lang='lat' dir='ltr'><strong><em>bellumque</em></strong></span> <span class='ocrx_word' id='word_1_108' title='bbox 593 1306 624 1358; x_wconf 84' lang='lat' dir='ltr'><strong><em>in</em></strong></span> <span class='ocrx_word' id='word_1_109' title='bbox 633 1323 718 1372; x_wconf 85' lang='lat' dir='ltr'><strong><em>regna</em></strong></span> <span class='ocrx_word' id='word_1_110' title='bbox 731 1308 846 1356; x_wconf 76' lang='lat' dir='ltr'><strong><em>vocare?</em></strong></span> 
     </span>
     <span class='ocr_line' id='line_1_18' title="bbox 155 1373 859 1429; baseline 0.003 -2"><span class='ocrx_word' id='word_1_111' title='bbox 155 1378 226 1428; x_wconf 81' lang='lat' dir='ltr'><strong><em>Ante</em></strong></span> <span class='ocrx_word' id='word_1_112' title='bbox 237 1377 319 1428; x_wconf 84' lang='lat' dir='ltr'><strong><em>aciem</em></strong></span> <span class='ocrx_word' id='word_1_113' title='bbox 329 1376 488 1428; x_wconf 72' lang='lat' dir='ltr'><strong><em>Emathiam</em></strong></span> <span class='ocrx_word' id='word_1_114' title='bbox 499 1376 579 1427; x_wconf 71' lang='lat' dir='ltr'><strong><em>nullia</em></strong></span> <span class='ocrx_word' id='word_1_115' title='bbox 590 1374 746 1427; x_wconf 74' lang='lat' dir='ltr'><strong><em>accerrimae</em></strong></span> <span class='ocrx_word' id='word_1_116' title='bbox 758 1373 859 1429; x_wconf 72' lang='lat' dir='ltr'><strong><em>armis.-</em></strong></span> 
     </span>
     <span class='ocr_line' id='line_1_19' title="bbox 154 1443 892 1512; baseline 0.001 -17"><span class='ocrx_word' id='word_1_117' title='bbox 154 1446 279 1511; x_wconf 82' lang='lat' dir='ltr'><strong><em>Pompeii</em></strong></span> <span class='ocrx_word' id='word_1_118' title='bbox 290 1462 360 1497; x_wconf 88' lang='lat' dir='ltr'><strong><em>nnnc</em></strong></span> <span class='ocrx_word' id='word_1_119' title='bbox 373 1454 464 1496; x_wconf 84' lang='lat' dir='ltr'><strong><em>castro</em></strong></span> <span class='ocrx_word' id='word_1_120' title='bbox 473 1448 597 1512; x_wconf 79' lang='lat' dir='ltr'><strong><em>placent,</em></strong></span> <span class='ocrx_word' id='word_1_121' title='bbox 609 1461 677 1511; x_wconf 76' lang='lat' dir='ltr'><strong><em>quae</em></strong></span> <span class='ocrx_word' id='word_1_122' title='bbox 689 1443 791 1494; x_wconf 82' lang='lat' dir='ltr'><strong><em>deserit</em></strong></span> <span class='ocrx_word' id='word_1_123' title='bbox 800 1444 892 1499; x_wconf 81' lang='lat' dir='ltr'><strong><em>orlitl</em></strong></span> 
     </span>
     <span class='ocr_line' id='line_1_20' title="bbox 155 1511 811 1583; baseline -0.003 -20"><span class='ocrx_word' id='word_1_124' title='bbox 155 1512 232 1564; x_wconf 88' lang='lat' dir='ltr'><strong><em>Nunc</em></strong></span> <span class='ocrx_word' id='word_1_125' title='bbox 242 1514 353 1564; x_wconf 76' lang='lat' dir='ltr'><strong><em>uictoria</em></strong></span> <span class='ocrx_word' id='word_1_126' title='bbox 364 1529 437 1580; x_wconf 78' lang='lat' dir='ltr'><strong><em>opes,</em></strong></span> <span class='ocrx_word' id='word_1_127' title='bbox 450 1523 478 1565; x_wconf 88' lang='lat' dir='ltr'><strong><em>et</em></strong></span> <span class='ocrx_word' id='word_1_128' title='bbox 488 1513 673 1583; x_wconf 82' lang='lat' dir='ltr'><strong><em>cognitafata</em></strong></span> <span class='ocrx_word' id='word_1_129' title='bbox 684 1511 811 1564; x_wconf 77' lang='lat' dir='ltr'><strong><em>lacescit?</em></strong></span> 
     </span>
     <span class='ocr_line' id='line_1_21' title="bbox 155 1581 799 1643; baseline 0.003 -13"><span class='ocrx_word' id='word_1_130' title='bbox 155 1581 279 1632; x_wconf 70' lang='lat' dir='ltr'><strong><em>Adversis</em></strong></span> <span class='ocrx_word' id='word_1_131' title='bbox 290 1596 342 1632; x_wconf 85' lang='lat' dir='ltr'><strong><em>aon</em></strong></span> <span class='ocrx_word' id='word_1_132' title='bbox 354 1583 440 1632; x_wconf 84' lang='lat' dir='ltr'><strong><em>deette</em></strong></span> <span class='ocrx_word' id='word_1_133' title='bbox 452 1582 536 1643; x_wconf 87' lang='lat' dir='ltr'><strong><em>decet,</em></strong></span> <span class='ocrx_word' id='word_1_134' title='bbox 549 1583 595 1632; x_wconf 82' lang='lat' dir='ltr'><strong><em>ced</em></strong></span> <span class='ocrx_word' id='word_1_135' title='bbox 604 1586 677 1633; x_wconf 89' lang='lat' dir='ltr'><strong><em>laeta</em></strong></span> <span class='ocrx_word' id='word_1_136' title='bbox 687 1591 799 1633; x_wconf 73' lang='lat' dir='ltr'><strong><em>secutor.</em></strong></span> 
     </span>
    </p>

    <p class='ocr_par' dir='ltr' id='par_1_8' title="bbox 94 1649 781 1718">
     <span class='ocr_line' id='line_1_22' title="bbox 94 1649 781 1718; baseline 0.001 -18"><span class='ocrx_word' id='word_1_137' title='bbox 94 1651 144 1701; x_wconf 86' lang='grc'><strong><em>535</em></strong></span> <span class='ocrx_word' id='word_1_138' title='bbox 157 1649 313 1718; x_wconf 81' lang='lat' dir='ltr'><strong><em>Nallafldee</em></strong></span> <span class='ocrx_word' id='word_1_139' title='bbox 324 1666 448 1716; x_wconf 81' lang='lat' dir='ltr'><strong><em>amquam</em></strong></span> <span class='ocrx_word' id='word_1_140' title='bbox 460 1651 569 1701; x_wconf 79' lang='lat' dir='ltr'><strong><em>misereo</em></strong></span> <span class='ocrx_word' id='word_1_141' title='bbox 581 1651 663 1718; x_wconf 81' lang='lat' dir='ltr'><strong><em>elegit</em></strong></span> <span class='ocrx_word' id='word_1_142' title='bbox 672 1652 781 1703; x_wconf 66' lang='lat' dir='ltr'><strong><em>amicos.</em></strong></span> 
     </span>
    </p>

    <p class='ocr_par' dir='ltr' id='par_1_9' title="bbox 153 1719 849 1992">
     <span class='ocr_line' id='line_1_23' title="bbox 204 1719 849 1772; baseline 0.005 -3"><span class='ocrx_word' id='word_1_143' title='bbox 204 1720 355 1770; x_wconf 78' lang='lat' dir='ltr'><strong><em>Adsensere</em></strong></span> <span class='ocrx_word' id='word_1_144' title='bbox 367 1735 460 1770; x_wconf 89' lang='lat' dir='ltr'><strong><em>omnes</em></strong></span> <span class='ocrx_word' id='word_1_145' title='bbox 471 1719 577 1771; x_wconf 87' lang='lat' dir='ltr'><strong><em>sceleri.</em></strong></span> <span class='ocrx_word' id='word_1_146' title='bbox 596 1719 732 1771; x_wconf 76' lang='lat' dir='ltr'><strong><em>Laetatur</em></strong></span> <span class='ocrx_word' id='word_1_147' title='bbox 742 1719 849 1772; x_wconf 86' lang='lat' dir='ltr'><strong><em>honore</em></strong></span> 
     </span>
     <span class='ocr_line' id='line_1_24' title="bbox 153 1788 811 1855; baseline 0.005 -17"><span class='ocrx_word' id='word_1_148' title='bbox 153 1788 211 1838; x_wconf 82' lang='lat' dir='ltr'><strong><em>Rex</em></strong></span> <span class='ocrx_word' id='word_1_149' title='bbox 222 1803 289 1854; x_wconf 89' lang='lat' dir='ltr'><strong><em>puer</em></strong></span> <span class='ocrx_word' id='word_1_150' title='bbox 297 1790 415 1850; x_wconf 86' lang='lat' dir='ltr'><strong><em>insueto,</em></strong></span> <span class='ocrx_word' id='word_1_151' title='bbox 428 1789 501 1855; x_wconf 92' lang='lat' dir='ltr'><strong><em>quod</em></strong></span> <span class='ocrx_word' id='word_1_152' title='bbox 512 1790 568 1839; x_wconf 86' lang='lat' dir='ltr'><strong><em>iam</em></strong></span> <span class='ocrx_word' id='word_1_153' title='bbox 579 1788 629 1840; x_wconf 85' lang='lat' dir='ltr'><strong><em>sibi</em></strong></span> <span class='ocrx_word' id='word_1_154' title='bbox 639 1794 717 1840; x_wconf 87' lang='lat' dir='ltr'><strong><em>tanta</em></strong></span> <span class='ocrx_word' id='word_1_155' title='bbox 726 1789 811 1841; x_wconf 82' lang='lat' dir='ltr'><strong><em>licere</em></strong></span> 
     </span>
     <span class='ocr_line' id='line_1_25' title="bbox 153 1856 829 1910; baseline 0.004 -4"><span class='ocrx_word' id='word_1_156' title='bbox 153 1858 316 1908; x_wconf 84' lang='lat' dir='ltr'><strong><em>Permittant</em></strong></span> <span class='ocrx_word' id='word_1_157' title='bbox 326 1856 427 1908; x_wconf 87' lang='lat' dir='ltr'><strong><em>famuli.</em></strong></span> <span class='ocrx_word' id='word_1_158' title='bbox 456 1856 560 1909; x_wconf 85' lang='lat' dir='ltr'><strong><em>Sceleri</em></strong></span> <span class='ocrx_word' id='word_1_159' title='bbox 569 1858 690 1909; x_wconf 87' lang='lat' dir='ltr'><strong><em>delectus</em></strong></span> <span class='ocrx_word' id='word_1_160' title='bbox 701 1856 829 1910; x_wconf 81' lang='lat' dir='ltr'><strong><em>Achillas.</em></strong></span> 
     </span>
     <span class='ocr_line' id='line_1_26' title="bbox 153 1926 754 1992; baseline 0.007 -18"><span class='ocrx_word' id='word_1_161' title='bbox 153 1926 262 1975; x_wconf 88' lang='lat' dir='ltr'><strong><em>Perfida</em></strong></span> <span class='ocrx_word' id='word_1_162' title='bbox 274 1943 326 1992; x_wconf 88' lang='lat' dir='ltr'><strong><em>qua</em></strong></span> <span class='ocrx_word' id='word_1_163' title='bbox 337 1927 415 1977; x_wconf 86' lang='lat' dir='ltr'><strong><em>tellus</em></strong></span> <span class='ocrx_word' id='word_1_164' title='bbox 427 1927 512 1978; x_wconf 84' lang='lat' dir='ltr'><strong><em>Casiis</em></strong></span> <span class='ocrx_word' id='word_1_165' title='bbox 524 1929 644 1979; x_wconf 79' lang='lat' dir='ltr'><strong><em>excurrit</em></strong></span> <span class='ocrx_word' id='word_1_166' title='bbox 656 1929 754 1990; x_wconf 87' lang='lat' dir='ltr'><strong><em>arenis,</em></strong></span> 
     </span>
    </p>

    <p class='ocr_par' dir='ltr' id='par_1_10' title="bbox 93 1994 881 2337">
     <span class='ocr_line' id='line_1_27' title="bbox 93 1994 795 2064; baseline 0.006 -21"><span class='ocrx_word' id='word_1_167' title='bbox 93 1994 143 2044; x_wconf 83' lang='lat'><strong><em>540</em></strong></span> <span class='ocrx_word' id='word_1_168' title='bbox 153 1996 189 2044; x_wconf 82' lang='lat' dir='ltr'><strong><em>Et</em></strong></span> <span class='ocrx_word' id='word_1_169' title='bbox 198 1995 269 2044; x_wconf 86' lang='lat' dir='ltr'><strong><em>vada</em></strong></span> <span class='ocrx_word' id='word_1_170' title='bbox 279 2001 415 2046; x_wconf 86' lang='lat' dir='ltr'><strong><em>testantur</em></strong></span> <span class='ocrx_word' id='word_1_171' title='bbox 425 1998 531 2047; x_wconf 85' lang='lat' dir='ltr'><strong><em>iunctas</em></strong></span> <span class='ocrx_word' id='word_1_172' title='bbox 542 1997 678 2064; x_wconf 80' lang='lat' dir='ltr'><strong><em>Aegyptia</em></strong></span> <span class='ocrx_word' id='word_1_173' title='bbox 689 1994 795 2061; x_wconf 82' lang='lat' dir='ltr'><strong><em>Syrtes,</em></strong></span> 
     </span>
     <span class='ocr_line' id='line_1_28' title="bbox 152 2065 809 2133; baseline 0 -19"><span class='ocrx_word' id='word_1_174' title='bbox 152 2065 287 2130; x_wconf 83' lang='lat' dir='ltr'><strong><em>Exiguam</em></strong></span> <span class='ocrx_word' id='word_1_175' title='bbox 299 2066 380 2116; x_wconf 87' lang='lat' dir='ltr'><strong><em>sociis</em></strong></span> <span class='ocrx_word' id='word_1_176' title='bbox 390 2067 513 2128; x_wconf 84' lang='lat' dir='ltr'><strong><em>monstri,</em></strong></span> <span class='ocrx_word' id='word_1_177' title='bbox 525 2066 675 2133; x_wconf 81' lang='lat' dir='ltr'><strong><em>gladiisque</em></strong></span> <span class='ocrx_word' id='word_1_178' title='bbox 687 2066 809 2115; x_wconf 80' lang='lat' dir='ltr'><strong><em>carinam</em></strong></span> 
     </span>
     <span class='ocr_line' id='line_1_29' title="bbox 152 2132 881 2202; baseline 0.007 -20"><span class='ocrx_word' id='word_1_179' title='bbox 152 2135 272 2183; x_wconf 84' lang='lat' dir='ltr'><strong><em>Instruit.</em></strong></span> <span class='ocrx_word' id='word_1_180' title='bbox 297 2135 319 2183; x_wconf 93' lang='lat'>0</span> <span class='ocrx_word' id='word_1_181' title='bbox 332 2136 431 2200; x_wconf 82' lang='lat' dir='ltr'><strong><em>superi,</em></strong></span> <span class='ocrx_word' id='word_1_182' title='bbox 443 2133 563 2197; x_wconf 86' lang='lat' dir='ltr'><strong><em>Nilusne,</em></strong></span> <span class='ocrx_word' id='word_1_183' title='bbox 578 2140 605 2185; x_wconf 87' lang='lat' dir='ltr'><strong><em>et</em></strong></span> <span class='ocrx_word' id='word_1_184' title='bbox 614 2134 734 2186; x_wconf 86' lang='lat' dir='ltr'><strong><em>barbara</em></strong></span> <span class='ocrx_word' id='word_1_185' title='bbox 740 2132 881 2202; x_wconf 69' lang='lat' dir='ltr'><strong><em>Memphin</em></strong></span> 
     </span>
     <span class='ocr_line' id='line_1_30' title="bbox 152 2201 708 2269; baseline 0.005 -18"><span class='ocrx_word' id='word_1_186' title='bbox 152 2202 189 2251; x_wconf 90' lang='lat' dir='ltr'><strong><em>Et</em></strong></span> <span class='ocrx_word' id='word_1_187' title='bbox 199 2201 334 2252; x_wconf 82' lang='lat' dir='ltr'><strong><em>Pelusiaci</em></strong></span> <span class='ocrx_word' id='word_1_188' title='bbox 345 2210 400 2253; x_wconf 87' lang='lat' dir='ltr'><strong><em>tam</em></strong></span> <span class='ocrx_word' id='word_1_189' title='bbox 412 2204 499 2254; x_wconf 86' lang='lat' dir='ltr'><strong><em>mollis</em></strong></span> <span class='ocrx_word' id='word_1_190' title='bbox 510 2204 592 2254; x_wconf 85' lang='lat' dir='ltr'><strong><em>turba</em></strong></span> <span class='ocrx_word' id='word_1_191' title='bbox 604 2204 708 2269; x_wconf 79' lang='lat' dir='ltr'><strong><em>Canopi</em></strong></span> 
     </span>
     <span class='ocr_line' id='line_1_31' title="bbox 153 2269 864 2337; baseline 0.007 -18"><span class='ocrx_word' id='word_1_192' title='bbox 153 2271 212 2320; x_wconf 84' lang='lat' dir='ltr'><strong><em>llos</em></strong></span> <span class='ocrx_word' id='word_1_193' title='bbox 224 2269 348 2321; x_wconf 59' lang='lat' dir='ltr'><strong><em>amaros?</em></strong></span> <span class='ocrx_word' id='word_1_194' title='bbox 367 2270 412 2322; x_wconf 87' lang='lat' dir='ltr'><strong><em>Sic</em></strong></span> <span class='ocrx_word' id='word_1_195' title='bbox 423 2271 482 2322; x_wconf 85' lang='lat' dir='ltr'><strong><em>fata</em></strong></span> <span class='ocrx_word' id='word_1_196' title='bbox 492 2278 618 2337; x_wconf 87' lang='lat' dir='ltr'><strong><em>premunt</em></strong></span> <span class='ocrx_word' id='word_1_197' title='bbox 630 2273 719 2323; x_wconf 86' lang='lat' dir='ltr'><strong><em>civilia</em></strong></span> <span class='ocrx_word' id='word_1_198' title='bbox 730 2270 864 2324; x_wconf 87' lang='lat' dir='ltr'><strong><em>mundum</em></strong></span> 
     </span>
    </p>

    <p class='ocr_par' dir='ltr' id='par_1_11' title="bbox 91 2336 891 2683">
     <span class='ocr_line' id='line_1_32' title="bbox 91 2336 821 2393; baseline 0.011 -8"><span class='ocrx_word' id='word_1_199' title='bbox 91 2336 141 2387; x_wconf 78' lang='lat'><strong><em>545</em></strong></span> <span class='ocrx_word' id='word_1_200' title='bbox 154 2337 198 2390; x_wconf 89' lang='lat' dir='ltr'><strong><em>Sic</em></strong></span> <span class='ocrx_word' id='word_1_201' title='bbox 209 2339 332 2391; x_wconf 86' lang='lat' dir='ltr'><strong><em>Romana</em></strong></span> <span class='ocrx_word' id='word_1_202' title='bbox 343 2339 450 2390; x_wconf 67' lang='lat' dir='ltr'><strong><em>iacenti</em></strong></span> <span class='ocrx_word' id='word_1_203' title='bbox 469 2342 577 2392; x_wconf 86' lang='lat' dir='ltr'><strong><em>Ullusue</em></strong></span> <span class='ocrx_word' id='word_1_204' title='bbox 589 2343 616 2391; x_wconf 88' lang='lat' dir='ltr'><strong><em>in</em></strong></span> <span class='ocrx_word' id='word_1_205' title='bbox 629 2340 750 2391; x_wconf 86' lang='lat' dir='ltr'><strong><em>cladibus</em></strong></span> <span class='ocrx_word' id='word_1_206' title='bbox 759 2342 821 2393; x_wconf 86' lang='lat' dir='ltr'><strong><em>istis</em></strong></span> 
     </span>
     <span class='ocr_line' id='line_1_33' title="bbox 150 2407 891 2477; baseline 0.005 -20"><span class='ocrx_word' id='word_1_207' title='bbox 150 2409 200 2457; x_wconf 86' lang='lat' dir='ltr'><strong><em>Est</em></strong></span> <span class='ocrx_word' id='word_1_208' title='bbox 210 2408 287 2459; x_wconf 87' lang='lat' dir='ltr'><strong><em>locus</em></strong></span> <span class='ocrx_word' id='word_1_209' title='bbox 297 2410 432 2477; x_wconf 77' lang='lat' dir='ltr'><strong><em>Aegypto,</em></strong></span> <span class='ocrx_word' id='word_1_210' title='bbox 448 2407 619 2477; x_wconf 80' lang='lat' dir='ltr'><strong><em>Phariusque.</em></strong></span> <span class='ocrx_word' id='word_1_211' title='bbox 636 2410 788 2460; x_wconf 83' lang='lat' dir='ltr'><strong><em>admittitur</em></strong></span> <span class='ocrx_word' id='word_1_212' title='bbox 798 2410 891 2463; x_wconf 71' lang='lat' dir='ltr'><strong><em>ensis!</em></strong></span> 
     </span>
     <span class='ocr_line' id='line_1_34' title="bbox 150 2476 732 2541; baseline 0.005 -17"><span class='ocrx_word' id='word_1_213' title='bbox 150 2476 230 2526; x_wconf 88' lang='lat' dir='ltr'><strong><em>Hanc</em></strong></span> <span class='ocrx_word' id='word_1_214' title='bbox 242 2483 317 2528; x_wconf 86' lang='lat' dir='ltr'><strong><em>certe</em></strong></span> <span class='ocrx_word' id='word_1_215' title='bbox 328 2484 435 2529; x_wconf 86' lang='lat' dir='ltr'><strong><em>servate</em></strong></span> <span class='ocrx_word' id='word_1_216' title='bbox 446 2478 537 2541; x_wconf 82' lang='lat' dir='ltr'><strong><em>fidem,</em></strong></span> <span class='ocrx_word' id='word_1_217' title='bbox 550 2476 639 2530; x_wconf 82' lang='lat' dir='ltr'><strong><em>civilia</em></strong></span> <span class='ocrx_word' id='word_1_218' title='bbox 648 2477 732 2530; x_wconf 81' lang='lat' dir='ltr'><strong><em>bella:</em></strong></span> 
     </span>
     <span class='ocr_line' id='line_1_35' title="bbox 150 2544 873 2614; baseline 0.012 -22"><span class='ocrx_word' id='word_1_219' title='bbox 150 2544 286 2609; x_wconf 82' lang='lat' dir='ltr'><strong><em>cognatas</em></strong></span> <span class='ocrx_word' id='word_1_220' title='bbox 297 2553 436 2612; x_wconf 85' lang='lat' dir='ltr'><strong><em>praestate</em></strong></span> <span class='ocrx_word' id='word_1_221' title='bbox 446 2563 556 2609; x_wconf 83' lang='lat' dir='ltr'><strong><em>manus,</em></strong></span> <span class='ocrx_word' id='word_1_222' title='bbox 568 2554 734 2614; x_wconf 87' lang='lat' dir='ltr'><strong><em>externaque</em></strong></span> <span class='ocrx_word' id='word_1_223' title='bbox 747 2554 873 2601; x_wconf 85' lang='lat' dir='ltr'><strong><em>monstra</em></strong></span> 
     </span>
     <span class='ocr_line' id='line_1_36' title="bbox 148 2611 798 2683; baseline 0.012 -24"><span class='ocrx_word' id='word_1_224' title='bbox 148 2611 253 2673; x_wconf 88' lang='lat' dir='ltr'><strong><em>Pellite,</em></strong></span> <span class='ocrx_word' id='word_1_225' title='bbox 264 2616 287 2665; x_wconf 84' lang='lat' dir='ltr'><strong><em>si</em></strong></span> <span class='ocrx_word' id='word_1_226' title='bbox 296 2617 396 2666; x_wconf 88' lang='lat' dir='ltr'><strong><em>meruit</em></strong></span> <span class='ocrx_word' id='word_1_227' title='bbox 406 2623 463 2666; x_wconf 87' lang='lat' dir='ltr'><strong><em>tam</em></strong></span> <span class='ocrx_word' id='word_1_228' title='bbox 473 2617 547 2667; x_wconf 87' lang='lat' dir='ltr'><strong><em>claro</em></strong></span> <span class='ocrx_word' id='word_1_229' title='bbox 560 2617 669 2666; x_wconf 89' lang='lat' dir='ltr'><strong><em>nomine</em></strong></span> <span class='ocrx_word' id='word_1_230' title='bbox 680 2617 798 2683; x_wconf 80' lang='lat' dir='ltr'><strong><em>Magnus</em></strong></span> 
     </span>
    </p>

    <p class='ocr_par' dir='ltr' id='par_1_12' title="bbox 89 2677 872 2751">
     <span class='ocr_line' id='line_1_37' title="bbox 89 2677 872 2751; baseline 0.01 -22"><span class='ocrx_word' id='word_1_231' title='bbox 89 2677 139 2729; x_wconf 78' lang='lat'><strong><em>⁵50</em></strong></span> <span class='ocrx_word' id='word_1_232' title='bbox 151 2680 275 2733; x_wconf 78' lang='lat' dir='ltr'><strong><em>Caesaris</em></strong></span> <span class='ocrx_word' id='word_1_233' title='bbox 286 2698 346 2734; x_wconf 82' lang='lat' dir='ltr'><strong><em>esse</em></strong></span> <span class='ocrx_word' id='word_1_234' title='bbox 358 2683 443 2735; x_wconf 81' lang='lat' dir='ltr'><strong><em>nefas.</em></strong></span> <span class='ocrx_word' id='word_1_235' title='bbox 473 2686 565 2749; x_wconf 87' lang='lat' dir='ltr'><strong><em>Tanti,</em></strong></span> <span class='ocrx_word' id='word_1_236' title='bbox 578 2685 749 2751; x_wconf 84' lang='lat' dir='ltr'><strong><em>Ptolomaee,</em></strong></span> <span class='ocrx_word' id='word_1_237' title='bbox 761 2687 872 2738; x_wconf 76' lang='lat' dir='ltr'><strong><em>retinam</em></strong></span> 
     </span>
    </p>
   </div>
   <div class='ocr_carea' id='block_1_3' title="bbox 0 0 982 3106">
    <p class='ocr_par' dir='ltr' id='par_1_13' title="bbox 0 0 982 3106">
     <span class='ocr_line' id='line_1_38' title="bbox 0 0 982 3106; baseline 0 1"><span class='ocrx_word' id='word_1_238' title='bbox 0 0 982 3106; x_wconf 95' lang='lat' dir='ltr'><strong><em> </em></strong></span> 
     </span>
    </p>
   </div>
  </div>
 </body>
</html>
