1956 3106
169 151 455 203 PHARSALIA.
490 147 695 213 Llss..v111.
749 159 801 214 189

63 274 171 341 Exigua
180 273 302 339 trepidus
312 272 404 338 posuit
414 270 520 321 scrobe.
539 269 637 322 Nobile
650 290 750 342 eorpus

63 343 175 394 Robora
188 342 262 393 nulla
274 345 408 406 premunt,
429 339 503 390 nulla
522 344 739 461 szrlplpbprlptmbra
758 360 800 396 re·

62 478 193 528 Admotus
204 478 343 544 Magnum,
354 491 408 526 non
419 476 551 539 subditus,
562 477 663 546 accipit
672 482 750 548 ignis.

62 547 110 597 llle
121 546 219 597 sedens
229 547 307 595 iuxta
317 543 453 595 flammas:
476 543 500 596 0
512 546 637 608 maxime,
650 549 728 612 dixit,

61 614 179 674 Ductor,
192 623 218 664 et
230 613 357 679 Hesperii
367 613 491 665 maiestas
501 614 616 668 nominis
629 633 693 682 nna,
808 619 860 670 ’too

61 684 93 736 oi
104 684 154 743 tili
164 684 270 732 iactata
277 682 383 751 pelagi,
396 682 526 751 tifnnere
536 686 608 735 nullo

64 751 185 803 Tristior
194 751 245 802 iate
255 767 338 819 rogat
345 767 356 811 ;
375 767 464 802 manet
475 752 644 821 animamque
652 764 789 824 poteratne

62 818 172 885 Officiis
183 830 273 870 averte
284 820 365 871 nteit:
382 818 487 871 iniuria
491 820 555 889 fati

60 889 179 1029 Herses
191 906 245 941 erre
256 890 347 950 iuben
364 907 396 941 ne
404 887 485 956 ponti
494 890 570 942 aetna
580 891 736 960 quidquam,

61 957 104 1010 Ne
130 976 186 1019 era,
198 976 230 1010 ne
241 962 369 1019 rolacree,
382 975 414 1009 ne
425 957 498 1009 saevi
510 956 634 1012 Caesaris
645 961 689 1013 ira
804 961 855 1012 165

60 1029 181 1080 Audeat:
194 1028 329 1096 exiguam,
338 1028 805 1096 quantnrapotet,neeipeflarnnram,

60 1097 185 1149 Romana
197 1113 319 1148 succense
330 1111 419 1147 aranu.
438 1095 561 1148 Fortuna
571 1114 694 1148 recurrat

62 1167 93 1217 st
105 1167 149 1218 det
160 1165 189 1217 in
201 1165 367 1231 Hesperiam,
378 1181 430 1216 non
438 1163 490 1215 hac
499 1165 529 1216 in
539 1167 599 1217 tede
611 1166 747 1231 quiescent

64 1235 133 1289 Tam
143 1234 216 1284 sacri
226 1234 342 1285 cineret:
360 1234 438 1284 redte
453 1232 700 1302 CorneliaMagne,

60 1304 195 1368 Accipiet,
206 1312 350 1368 nostraque
369 1318 450 1354 rnanu
461 1304 638 1372 transfundet
649 1304 678 1354 in
688 1320 792 1356 urnam.
808 1305 859 1355 110

60 1373 171 1424 interea
181 1387 267 1437 parvo
279 1372 411 1438 signemus
422 1373 505 1422 litora
516 1388 590 1433 taxo,

64 1439 102 1492 Ut
112 1451 176 1492 nota
188 1441 225 1491 sit
236 1439 323 1500 onera
341 1440 364 1491 si
375 1441 434 1507 qais
443 1444 555 1507 placare
566 1450 736 1509 peremptam

60 1509 144 1562 Forte
154 1513 232 1572 nolet,
243 1513 334 1578 plenos
346 1517 369 1560 et
383 1511 492 1562 reddere
503 1512 599 1562 mortis
609 1510 737 1563 horrores:

60 1580 188 1633 Inveniat
197 1580 289 1632 tranei
300 1580 410 1641 cineres,
422 1590 449 1631 et
463 1581 537 1632 norit
548 1598 654 1643 arenae,

63 1651 105 1702 At
114 1667 189 1717 quac,
202 1649 311 1719 Magne,
328 1660 403 1701 taam
419 1650 527 1722 referat
544 1661 633 1718 capnt.
655 1649 734 1702 Haec
749 1649 794 1700 ubi
809 1718 860 1768 m

536 1721 618 1783 fatus,

62 1789 177 1840 Excitat
185 1788 318 1837 invalidas
329 1788 441 1838 admoto
452 1787 548 1840 fomite
559 1789 690 1839 flammas.

65 1857 201 1921 Carpitur,
214 1862 242 1906 et
252 1856 355 1905 lentum
366 1856 486 1906 destillat
494 1857 611 1926 Magnus
623 1859 650 1906 in
661 1858 761 1924 ignem,

65 1924 144 1977 Tabe
155 1922 251 1974 fovens
260 1923 378 1974 bustum.
398 1921 453 1974 Sed
463 1926 518 1975 iam
531 1930 707 1993 percusserat
718 1931 794 1976 astra

64 1997 187 2046 Aurorae
198 1993 349 2059 praemissa
358 1991 429 2042 dies:
447 1993 501 2056 ille,
513 1995 607 2045 ordine
618 1999 700 2060 rupto

64 2064 189 2124 Funeris,
201 2061 340 2112 adtonitus
350 2059 470 2111 latebras
478 2063 506 2111 in
516 2062 597 2114 litore
609 2063 723 2130 quaerit.
810 2063 861 2111 'tao

66 2134 155 2194 Quom
167 2132 274 2192 metuis,
287 2129 407 2192 demens,
417 2130 471 2180 isto
483 2145 533 2196 pro
546 2132 656 2181 crirrrine
667 2144 793 2196 poenam,

68 2203 130 2263 Quo
141 2208 170 2252 te
182 2199 256 2251 fama
266 2199 367 2265 loquax
378 2212 471 2248 omnes
483 2200 590 2267 aceepit
598 2200 626 2249 in
637 2197 739 2250 annosi

68 2271 185 2322 Condita
194 2267 318 2320 laudabit
327 2268 421 2335 Magni
432 2281 512 2319 socer
521 2268 620 2335 lmpius
633 2283 708 2319 ossa:

66 2341 78 2389 l
91 2339 174 2391 modo
186 2354 298 2391 securus
309 2337 414 2399 veniae,
424 2335 567 2405 fassusque
579 2335 750 2404 sepulchrum

65 2408 201 2459 Poscere
220 2413 258 2458 ut.
277 2407 358 2474 cogit
367 2407 455 2472 pietas
465 2406 606 2473 imponere
617 2407 698 2458 finem
814 2404 863 2456 185

68 2477 185 2527 Officio.‘
196 2425 332 2529 semiusta
342 2475 423 2541 rapit,
434 2476 609 2544 resolutaque
620 2474 740 2527 nondum

67 2545 139 2595 Ossa
150 2545 225 2608 satis,
237 2546 335 2607 nervis,
347 2549 375 2595 et
384 2545 481 2596 inustis
492 2544 574 2613 plena
585 2544 708 2596 medullis

67 2616 211 2680 Aequorea
220 2614 365 2681 restinguit
375 2628 455 2681 aqua,
467 2619 653 2683 congestaque
662 2613 689 2664 ln
699 2627 783 2666 unum

67 2681 158 2734 Parva
168 2682 264 2736 clausit
274 2680 365 2735 humo.
384 2685 472 2749 Tune,
484 2699 517 2738 ne
528 2683 594 2736 levis
606 2698 673 2736 aura
682 2686 803 2738 retectos
