1956 3106
144 189 197 241 150
312 187 351 238 M.
387 183 489 236 ANN.
528 184 710 237 Lucam

151 307 214 368 ibit,
224 324 270 358 seu
280 308 381 359 nullum
392 305 503 356 violabit
514 307 622 356 vulnere
629 303 739 372 pignus,

91 377 142 428 325
153 377 249 445 lgaati
257 377 382 444 iugulum
395 386 534 440 tamquam
544 377 628 426 scelus
639 374 753 440 impetat
764 371 859 425 itastis.

150 446 269 498 Sternite
280 447 336 496 iam
346 447 455 505 vallum,
461 444 605 514 fossasque
615 443 723 509 implete
734 442 825 506 ruina,

149 514 242 568 Exeat
253 526 283 566 ut
292 514 378 581 plenis
389 513 461 564 acies
473 532 526 565 aaa
536 528 632 581 sparsa
644 511 777 577 neataiplia.

150 585 266 636 Parcite
277 602 309 636 ae
321 583 434 635 eastris:
453 586 526 635 vallo
536 581 650 635 tendetis
660 581 689 632 ia
698 581 756 641 illo,

153 653 227 705 Unde
238 655 309 705 acies
317 653 443 720 peritura
454 652 536 706 scatit.
564 652 618 703 Vix
631 656 730 701 cuncta
740 650 835 701 locuto

90 722 140 771 330
152 724 285 785 Caesare,
303 738 437 790 quemque
456 737 534 774 suum
543 737 640 772 niunus
651 718 745 782 trahit,
758 733 889 788 armaque

625 791 726 855 raptim

152 859 266 926 Sumpta
275 876 348 911 mms
378 861 487 912 Celeres
502 859 613 924 capiunt
622 859 769 926 praesagia
779 856 854 921 belli,

152 929 323 997 Calcatisque
335 936 417 980 ruunt
431 930 541 980 casteis:
561 934 636 978 stant
645 927 740 979 ordine
752 927 836 990 nullo,

150 999 214 1048 Arte
226 999 302 1050 ducis
312 999 400 1064 nulla3
420 999 583 1066 permittunt
593 998 685 1048 omnia
692 995 766 1047 fatis.

152 1065 181 1116 Si
190 1069 306 1119 totidem
317 1069 411 1135 Magni
423 1082 544 1129 soceros,
555 1067 724 1133 totidemque
734 1071 861 1132 petentes

90 1134 141 1185 335
152 1136 231 1187 Urbis
242 1153 327 1205 regna
338 1153 403 1189 suae
415 1136 523 1188 maesto
535 1138 563 1186 in
572 1137 663 1186 Marte
670 1135 802 1197 locasses,

151 1205 176 1254 N
178 1221 211 1256 on
224 1212 281 1257 tam
293 1208 437 1273 praecipiti
447 1211 559 1256 ruerent
569 1207 596 1255 in
606 1204 711 1272 praelia
722 1219 813 1255 cursu.

206 1276 281 1326 Vidit
291 1282 321 1326 ut
333 1274 446 1327 hostiles
459 1276 487 1325 in
497 1281 603 1325 rectum
614 1276 688 1326 exire
700 1279 828 1325 catervas

153 1345 308 1411 Pompeius,
320 1345 460 1412 nullasque
472 1359 564 1394 moras
575 1345 734 1410 permittere
745 1343 827 1405 bello,

152 1412 206 1463 Sed
217 1416 321 1479 superis
333 1414 468 1480 placuisse
479 1413 565 1463 diem:
583 1419 640 1464 stat
650 1411 733 1463 corde
745 1412 838 1479 gelato

90 1478 142 1529 340
152 1484 303 1532 Attonitus:
322 1488 453 1549 tantoque
465 1482 527 1531 duci
538 1483 578 1532 sic
589 1497 666 1532 arma
676 1482 773 1533 timere

152 1551 238 1600 Omen
255 1556 323 1601 erat.
352 1551 457 1600 Premit
470 1551 534 1600 inde
549 1558 653 1613 metus,
674 1557 819 1619 totumque
841 1564 892 1617 per

625 1636 641 1671 a
689 1635 722 1670 en

150 1683 263 1735 Sublimi
278 1694 424 1751 provectus
437 1703 522 1755 equo:
547 1636 762 1757 Quemjffgitat,
774 1690 873 1757 iuquit,

152 1753 249 1805 Vestra
260 1755 329 1805 diem
340 1756 512 1825 virtus,finis
522 1757 643 1809 civilibus
655 1757 750 1820 armis,

153 1822 237 1885 Quem
249 1827 400 1892 quaesistis,
412 1828 496 1878 adest·
529 1826 614 1879 Totas
626 1826 758 1896 effundite
768 1828 840 1879 vires
847 1845 859 1888 ,·

89 1893 140 1944 345
151 1893 312 1945 Extremum
316 1897 395 1966 ferri
405 1906 527 1963 superest
540 1914 615 1962 opus,
627 1914 733 1963 unaque
741 1907 838 1964 gentes

150 1961 227 2013 Hora
239 1962 336 2015 trahit.
363 1965 489 2033 Quisquis
497 1968 619 2032 patriam
630 1982 759 2033 carosque
764 1974 892 2032 penates,

151 2031 206 2094 Qui
224 2034 338 2084 testatem
359 2051 392 2086 ac
414 2036 562 2097 thalamos,
584 2037 740 2101 desertaque
756 2036 882 2105 pignora

129 2126 136 2137 =
624 2105 740 2170 qaaerit,

149 2170 221 2222 Ense
229 2182 321 2238 petat:
339 2174 424 2224 medio
433 2173 528 2240 posuit
539 2176 603 2226 deut
614 2174 704 2225 artenia
717 2190 821 2242 caesapo.

151 2238 254 2292 Caussa
265 2241 339 2293 iubet
349 2243 442 2294 caelius
455 2259 563 2309 superos
574 2259 683 2309 sperare
693 2244 837 2296 secundos:

89 2307 141 2359 350
154 2309 210 2375 ipsi
221 2313 275 2360 tela
287 2322 383 2378 regent
389 2328 441 2377 per
452 2313 555 2364 viscera
568 2311 702 2374 Caesaris,
713 2313 767 2380 ipsi

150 2378 287 2431 Romanas
299 2381 405 2431 sancire
413 2383 501 2433 voleat
512 2381 562 2433 ltoc
571 2383 705 2451 sauguine
715 2384 796 2451 leget.

150 2449 182 2500 Si
193 2465 284 2500 socero
296 2449 361 2500 dare
371 2466 458 2517 regna
468 2467 525 2502 meo
535 2452 714 2517 mansumque
723 2462 869 2520 pararent,

147 2516 336 2583 Praecipitare
347 2519 510 2588 meamfatis
517 2530 631 2586 potuere
643 2532 785 2574 senectam.

151 2585 214 2637 Noa
226 2587 359 2638 iratorum
367 2589 475 2655 populis
486 2588 596 2656 urbique
606 2590 716 2641 deorum
725 2600 767 2643 est

90 2653 141 2705 355
153 2654 312 2721 Pompeium
322 2673 427 2708 servare
440 2658 541 2709 ducem.
572 2658 647 2721 Quae
657 2659 764 2712 viatere
772 2668 893 2726 possem,

153 2721 254 2777 Otuaia
266 2726 435 2777 contulimus.
465 2726 578 2781 Subiere
584 2728 711 2797 pericula
722 2729 793 2781 clari
