1956 3106
231 183 527 265 Parnassum
555 215 644 266 rita.
672 217 706 266 ιι.
799 215 833 266 43

97 335 235 401 Angustus
245 349 350 401 puppes
361 333 487 383 mittebat
495 334 523 382 in
535 347 655 399 aequora
664 334 750 395 limes,

96 403 206 454 Arctior
216 403 349 464 Euboica,
361 417 414 470 qua
425 400 554 453 Chalcida
564 401 700 463 verberat,
711 403 791 452 unda
840 404 891 453 710

96 473 150 521 llic
162 470 276 521 haesere
285 479 360 522 rates
370 473 502 538 geminae,
513 470 646 537 classique
658 476 768 536 paratas

95 541 239 607 Excepere
250 555 345 591 manus
354 557 361 589 ι
371 546 515 607 tractoque
524 541 552 589 in
562 540 645 589 litora
653 539 735 599 bello,

94 606 149 659 Hic
160 610 275 674 primum
288 610 378 665 rubuit
389 609 458 659 civili
471 610 601 676 sanguine
613 607 726 658 Nereus.

96 679 197 728 Cetera
208 677 302 729 classis
314 679 378 740 abit,
390 679 500 728 summis
512 678 630 744 spoliata
640 679 752 727 carinis:

94 748 140 808 Ut,
153 745 296 813 Pagasaea
305 749 371 797 ratis
383 754 490 814 peteret
502 762 563 797 cum
574 745 708 797 Phasidos
721 745 816 809 undas,
828 747 891 797 '715

58 844 63 853 ·
95 816 221 880 Cyaneas
232 817 311 867 tellus
322 817 411 867 emisit
419 818 447 867 in
459 831 580 883 aequora
592 822 700 879 cautes3

93 883 184 950 Rapta
194 900 284 951 puppe
295 887 384 936 minor
395 886 530 936 subducta
540 890 582 935 est
592 885 729 935 montibus
741 886 822 952 Argo,

93 953 225 1020 Vanaque
236 956 370 1021 percussit
381 960 494 1021 pontum
507 952 668 1021 Symplegas
676 956 794 1016 inanem,

93 1022 131 1072 Et
141 1027 249 1073 statura
258 1023 337 1074 redit.
357 1024 414 1072 lam
421 1021 563 1073 Phoebum
574 1038 672 1090 urgere
684 1023 814 1074 monebat
883 1028 888 1035 '

92 1089 154 1142 Non
164 1091 238 1141 idem
249 1093 300 1142 Eoi
313 1091 390 1141 color
402 1089 529 1151 aetheris,
542 1091 656 1156 albaque
666 1091 786 1140 nondum
839 1093 891 1142 72⁰

91 1159 156 1209 Lux
167 1161 255 1222 rubet,
268 1167 296 1210 et
306 1158 429 1209 flammas
442 1159 614 1224 propioribus
627 1159 708 1224 eripit
720 1161 813 1210 astris:

91 1229 193 1279 Etiam
203 1229 293 1279 Pleias
303 1226 394 1290 hebet,
405 1226 468 1277 flexi
478 1228 532 1277 iam
543 1226 664 1292 plaustra
674 1227 781 1278 Bootae

90 1299 123 1347 ln
134 1296 232 1345 faciem
246 1297 305 1362 puri
317 1296 431 1348 redeunt
445 1295 602 1362 languentia
613 1295 690 1357 coeli,

92 1365 267 1433 Maioresque
276 1366 363 1415 latent
374 1366 477 1426 stellae,
491 1364 660 1431 calidumque
671 1364 773 1432 refugit

92 1432 207 1484 Lucifer
216 1437 274 1501 ipse
286 1435 366 1485 diem.
386 1434 504 1502 Pelagus
514 1434 582 1496 iam,
594 1435 702 1501 Magne,
714 1436 826 1487 tenebas
837 1437 888 1487 725

91 1503 153 1554 Non
160 1518 193 1554 ea
203 1503 261 1555 fata
271 1504 371 1567 ferens,
382 1519 460 1571 quae,
472 1518 533 1554 cum
544 1507 625 1569 sup'er
637 1519 757 1571 aequora
767 1511 826 1556 toto

91 1573 261 1625 Praedonem
274 1588 419 1641 sequerere
430 1575 508 1624 mari.
543 1572 662 1624 Lassata
672 1573 816 1640 triumphis

90 1642 223 1693 Destituit
233 1643 346 1693 fortuna
355 1645 417 1693 tuis.
454 1644 520 1693 Cum
533 1644 648 1710 coniuge
661 1644 761 1709 pulsus,

89 1711 127 1761 Et
138 1714 217 1774 natis,
229 1718 357 1778 totosque
370 1711 481 1763 trahens
491 1713 519 1763 in
530 1711 603 1762 bella
614 1718 735 1777 penates,

90 1780 176 1832 Vadis
187 1779 275 1832 adhuc
285 1783 389 1848 ingens,
401 1782 508 1849 populis
517 1782 718 1842 comitantibus,
730 1783 814 1833 exsul.
835 1781 885 1832 130

91 1850 238 1910 Quaeritur
248 1850 375 1915 indignae
387 1850 467 1900 sedes
477 1850 624 1917 longinqua
633 1851 735 1900 ruinae.

90 1917 162 1979 Non,
174 1920 237 1984 quia
248 1924 275 1981 te
287 1920 376 1984 superi
387 1921 475 1985 patn'o
487 1919 594 1985 privare
605 1917 749 1987 sepulchro

89 1986 246 2047 maluerint,
257 1984 374 2036 Phariae
383 1987 464 2038 busto
476 1989 639 2038 damnantur
650 2004 762 2042 arenae:

90 2055 218 2106 Parcitur
224 2055 388 2119 Hesperiam
400 2056 495 2121 procul
506 2054 629 2107 hocutin
642 2057 707 2106 orbe
718 2066 824 2107 remoto

89 2124 248 2175 Abscondat
258 2124 381 2174 Fortuna
389 2123 475 2186 nefas,
487 2125 663 2192 Romanaque
673 2125 753 2175 tellus
834 2127 890 2178 735

89 2193 269 2244 Immaculata
282 2191 325 2243 sui
334 2198 457 2243 serretur
469 2195 599 2259 sanguine
609 2194 711 2259 Magni.

389 2409 587 2418 ,ηι--ιι--ι--ο
