1956 3106
142 129 192 177 142
314 124 705 177 unumunurm

142 245 204 297 Non
216 250 304 296 totum
316 247 408 296 lisura
418 246 499 306 diem,
510 245 631 294 tentoria
642 245 742 296 circum

142 317 205 382 lpse
216 314 292 365 ducis
304 315 434 383 queritur,
448 329 601 380 magnoque
612 328 730 365 accensa
739 316 862 366 tumultu

15 406 18 411 ’
98 385 132 435 no
142 384 241 435 Mortis
251 385 357 434 vicinae
368 388 547 449 properantes
560 383 688 434 admovet
698 382 788 435 horas.

139 453 209 503 Dira
219 452 291 503 subit
302 452 403 503 rabies:
423 467 473 502 sua
484 453 596 519 quisquc
609 467 640 502 ac
653 452 762 518 publice
771 451 831 503 into

141 522 327 588 Praecipitare
340 521 427 585 cupit:
451 521 542 586 segnis
552 520 718 588 pavidusque
729 527 850 573 vocatur

139 591 179 641 ric
190 591 319 640 niminnm
330 590 436 656 patiens
448 588 537 639 soceri
547 588 703 656 Pompeius,
714 595 743 641 et
754 590 829 640 orbis

140 658 286 724 Indulgens
296 672 391 724 regno,
403 659 448 724 qui
459 663 502 707 tot
512 657 592 708 simul
602 657 720 725 undique
731 666 832 726 gentes
915 658 921 681 ³

98 728 131 778 55
142 728 210 779 luris
221 724 322 777 habere
334 727 376 777 sui
386 727 475 787 vellet,
487 741 635 792 pacemque
644 728 762 778 timeret.

111 820 114 825 ·
139 795 197 847 Nec
208 810 262 846 non
273 799 301 845 et
312 810 390 862 roges
403 795 548 862 populique
560 802 709 861 queruntur
723 796 777 847 Eoi

139 864 217 916 Bella
227 862 307 926 trahi,
319 864 461 930 patrieque
473 864 568 930 procul
579 864 675 915 tellure
688 866 783 916 teneri.

139 933 202 983 lloc
213 933 313 998 placet,
325 946 341 983 o
355 934 455 998 superi,
468 949 529 982 cum
540 933 617 982 robis
629 938 736 984 vertere
749 940 853 986 cuncta

139 1003 323 1068 Propositum,
335 1002 435 1053 nostris
447 1002 585 1053 erroribus
596 1001 696 1053 addere
708 1003 819 1055 crimen.

96 1072 129 1121 oo
141 1071 267 1122 Cladibus
277 1072 413 1134 irruimus,
426 1072 603 1137 nocituraque
614 1071 751 1136 poscimus
762 1087 858 1123 mnia:

139 1141 169 1190 ln
181 1141 354 1207 Pompeianis
364 1146 457 1190 votum
468 1145 511 1190 est
521 1137 663 1190 l’lrersalio
674 1141 783 1192 castris.

140 1211 304 1264 Cunctorum
317 1224 397 1259 voces
408 1209 523 1259 Romani
532 1209 666 1261 nrcxinrus
678 1214 776 1260 auctor

138 1279 243 1328 Tullius
254 1279 363 1344 eloquii,
375 1279 451 1328 cuius
462 1277 511 1327 sub
522 1277 581 1327 iure
592 1283 711 1345 togaque

138 1347 271 1397 Pacificas
282 1362 379 1398 socrus
390 1347 502 1397 tremuit
512 1346 628 1397 Catilina
638 1361 758 1410 securos,

94 1413 128 1463 65
140 1416 264 1476 Pertulit,
276 1417 362 1466 iratus
373 1416 459 1476 bellis,
471 1431 530 1465 cnm
542 1421 632 1466 rostra
642 1414 784 1484 forumque

138 1485 263 1550 Optaret,
274 1499 369 1549 passus
380 1491 436 1535 tam
447 1483 529 1550 longa
539 1484 648 1536 silentia
659 1485 744 1536 miles.

136 1552 247 1603 Addidit
256 1553 390 1603 invalidae
402 1552 486 1602 robur
496 1551 624 1604 facundia
635 1570 764 1606 caussae:

188 1621 248 1672 Hoc
255 1638 308 1687 pro
320 1620 476 1672 terrueritis
489 1624 573 1672 solum
589 1632 623 1684 te,
637 1623 747 1691 Magne,
753 1640 857 1690 preca·

610 1702 666 1755 tur,

140 1755 186 1807 Uti
197 1774 232 1818 se,
243 1756 375 1820 Fortuna,
388 1758 467 1810 velis:
485 1776 658 1827 proceresque
670 1771 780 1813 tuorum

92 1827 125 1874 70
137 1824 302 1889 Castrorum,
314 1844 441 1895 regesque
464 1828 506 1879 tui
518 1846 577 1882 curn
587 1830 709 1898 supplice
720 1832 819 1885 truendo

138 1895 243 1964 Adfusi
253 1897 324 1949 rinei
334 1914 450 1949 socerum
459 1899 572 1964 patiare
584 1916 719 1968 rogamus.

133 1964 260 2016 Humano
267 1967 364 2033 generi
375 1977 432 2018 tam
443 1970 522 2034 longo
534 1977 651 2035 ternpore
663 1970 759 2022 bellum

137 2030 239 2084 Caesar
250 2035 319 2086 erit?
336 2034 447 2098 Merito,
459 2038 615 2104 Pompeium
626 2039 730 2091 vincere
740 2041 820 2102 lente,

138 2103 267 2155 Gentibus
278 2105 420 2172 indignum
431 2118 479 2167 est,
490 2124 507 2159 a
517 2117 719 2162 transcurrente
730 2109 861 2162 subactis.

93 2170 126 2218 75
140 2170 197 2232 Quo
209 2173 361 2244 tiliferoor
372 2176 447 2227 alit?
465 2185 514 2229 aut
525 2177 778 2248 quofiduciafati?

133 2237 177 2291 De
187 2243 298 2307 superis,
311 2245 430 2311 ingrate,
441 2246 534 2297 times?
545 2263 704 2312 causamque
715 2256 824 2299 serratus

136 2306 252 2361 Credere
264 2312 303 2362 dis
315 2314 440 2365 dubitus?
453 2316 532 2379 ipsae
543 2325 592 2366 tua
604 2316 684 2382 signa
695 2318 835 2377 revelleret,

134 2378 333 2448 Prosilientque
345 2383 424 2434 acies.
456 2385 563 2435 Pudeat
572 2385 665 2436 aieirse
675 2394 808 2436 eoactum.

134 2446 164 2498 Si
176 2449 241 2498 duee
253 2451 371 2512 terasso,
383 2453 407 2502 si
419 2452 492 2504 uoltis
506 2452 572 2504 bella
582 2464 728 2522 geruntur,

89 2517 123 2564 Str
136 2515 180 2566 sit
190 2516 268 2578 iuris,
282 2536 443 2584 quacumque
456 2521 546 2583 velint,
559 2539 717 2574 concurrere
728 2540 833 2591 eampo.

136 2582 208 2644 Quid
218 2588 310 2638 mundi
319 2589 428 2656 gladios
439 2606 455 2639 a
466 2592 597 2655 sanguine
610 2590 736 2643 Caesaris
747 2595 842 2644 arces?

137 2650 162 2700 V
161 2652 313 2708 idrunttela
319 2674 429 2709 luanus:
442 2658 571 2721 cincigno
578 2661 713 2712 morantia
725 2662 869 2726 pruisquam
