1956 3106
138 191 171 239 oa
275 191 312 240 ill.
349 188 447 240 ANN.
483 186 667 244 Lucam

135 312 197 377 Ipse
209 311 293 360 locus.
311 309 390 360 Miles
403 325 483 376 rupes
495 316 623 362 oneratus
634 311 659 361 in
673 310 740 361 altas

135 380 249 430 Nititur:
263 379 429 446 adversoque
442 380 514 429 acies
523 380 552 429 in
562 386 654 429 niente
665 382 760 446 supina

134 450 247 509 Haeret,
260 455 288 498 et
299 449 326 497 in
336 454 441 515 tergum
454 463 558 508 casura,
570 448 687 498 umbone
699 449 836 514 sequentis

92 519 126 567 40
137 519 266 585 Erigitur.
294 516 364 566 Nulli
375 516 459 566 telum
471 517 577 566 vibrare
588 517 712 576 vacabat,

135 587 207 636 Dum
217 587 300 646 labat,
312 592 340 636 et
351 587 404 634 lixo
418 587 507 634 firmat
517 586 632 652 vestign'a
642 586 705 650 pilo,

134 655 207 706 Dum
223 655 362 721 scopulos,
384 655 535 721 stirpesque
550 660 657 713 tenent,
679 660 759 719 utque
783 651 862 703 hoste

606 721 701 771 relicto

135 792 258 844 Caedunt
268 807 332 842 ense
343 793 421 842 riam.
450 791 526 843 Vidit
536 791 646 857 lapsura
655 791 734 840 ruina

133 863 248 929 Agmina
257 860 321 922 dux,
333 861 504 928 equitemque
515 860 591 911 iubet
602 859 748 909 succedere
761 861 841 923 bello,

90 931 124 980 45
135 932 322 998 Munitumque
333 930 403 980 latus
414 930 492 980 laevo
503 929 654 996 producere
664 944 743 996 gyro.

135 998 179 1050 Sic
191 998 275 1066 pedes
288 1014 321 1049 ex
332 999 406 1050 facili
415 999 541 1067 nulloque
551 1004 665 1066 urgente
676 1004 812 1064 receptus,

134 1071 230 1131 lrutus
242 1075 270 1120 et
280 1069 378 1131 vietor,
390 1068 523 1120 subducto
535 1070 634 1129 Marte,
646 1069 782 1134 pependit.

186 1138 327 1189 Hactenus
339 1153 475 1189 armorum
487 1138 653 1188 discrimina:
667 1143 759 1186 cetera
769 1137 840 1187 bello

133 1209 204 1260 Fata
214 1208 289 1259 dedit
299 1208 380 1258 variis
390 1209 509 1257 incertus
520 1207 638 1256 motibus
651 1221 704 1254 aer.

91 1278 124 1327 50
135 1278 218 1346 Pigro
228 1277 326 1328 bruma
337 1277 407 1344 gelu,
420 1278 499 1326 siccis
510 1275 683 1342 Aquilonibus
694 1273 818 1336 haerens,

132 1345 249 1398 Aethere
262 1348 410 1397 constricto
422 1346 526 1411 pluvias
535 1349 561 1394 in
575 1345 645 1395 nube
657 1344 776 1394 tenebat.

133 1416 254 1467 Urebant
265 1422 395 1465 montana
406 1416 487 1474 nives,
500 1428 664 1480 camposque
676 1415 798 1463 iacentes

132 1485 194 1535 Non
207 1484 354 1534 duraturae
367 1489 513 1548 conspecto
527 1483 583 1532 sole
595 1484 719 1548 pruinae:

131 1555 218 1621 Atque
231 1554 318 1603 omnis
328 1553 440 1619 propior
450 1552 584 1617 mergenti
594 1551 683 1600 sidera
695 1552 772 1602 coelo

91 1623 124 1672 55
135 1624 251 1673 Aruerat
259 1622 348 1682 tellus,
359 1619 472 1671 hiberno
484 1620 552 1670 dura
562 1634 668 1670 sereno.

133 1689 186 1741 Sed
197 1696 342 1758 postquam
351 1705 449 1740 vernus
462 1689 578 1739 calidum
590 1689 690 1739 Titana
700 1692 805 1757 recepit

133 1759 230 1810 Sidera
239 1760 387 1826 respiciens
398 1759 525 1826 delapsae
538 1761 655 1825 portitor
664 1758 768 1821 Helles,

132 1830 219 1896 Atque
229 1829 336 1892 iterum,
349 1830 471 1896 aequatis
483 1828 516 1877 ad
529 1829 615 1879 iustae
626 1828 748 1894 pondera
758 1828 859 1881 Librae

133 1899 324 1964 Temporibus,
336 1898 426 1949 uicere
437 1898 509 1948 dies:
524 1904 589 1948 tunc
601 1899 657 1948 sole
667 1899 773 1961 relicto,

91 1967 125 2018 dl)
137 1965 255 2032 Cynthia
267 1982 319 2035 quo
330 1968 446 2034 primum
458 1982 542 2018 cornu
553 1967 701 2019 dubitanda
711 1967 826 2031 refulsit,

133 2035 394 2100 ExclusitBoream‚
405 2035 582 2105 flammasque
594 2040 701 2104 aceepit
711 2038 744 2087 ab
756 2038 839 2087 Euro.

132 2105 180 2157 llle
192 2120 241 2156 suo
252 2105 339 2157 nubes
352 2122 535 2175 quascumque
545 2109 646 2157 invenit
656 2109 683 2156 in
695 2120 754 2166 axe,

133 2175 229 2226 Torsit
236 2176 265 2227 in
276 2176 420 2226 occiduum
430 2175 578 2227 Nabataeis
589 2175 697 2226 {latibus
708 2174 814 2224 orbem:

36 2258 38 2264 ⁸
131 2244 170 2296 Et
181 2260 247 2312 quas
258 2247 341 2297 sentit
352 2246 445 2307 Arabs,
459 2253 486 2296 et
498 2261 563 2312 quas
577 2244 727 2312 Gangetica
737 2241 816 2292 tellus

90 2313 123 2365 tt
133 2311 254 2366 Exhalat
263 2314 385 2377 nebulas,
398 2316 526 2383 quidquid
538 2327 713 2364 concrescere
725 2309 828 2377 primus

134 2381 181 2433 Sol
191 2386 302 2450 patitur,
314 2383 442 2451 quidquid
455 2384 523 2434 coeli
534 2382 656 2432 fuscator
665 2381 717 2431 Eoi

132 2452 265 2504 intulerat
275 2455 370 2516 Corus,
383 2452 510 2521 quidquid
521 2449 679 2502 defenderat
688 2449 779 2501 Indos.

132 2521 282 2573 Incendere
293 2522 364 2573 diem
375 2522 460 2573 nubes
471 2523 574 2573 oriente
585 2525 719 2583 remotae3

132 2590 190 2641 Nec
200 2591 289 2642 medio
300 2597 415 2658 potuere
425 2605 521 2659 graves
531 2587 687 2639 incumbere
697 2589 807 2651 mundo,

87 2662 121 2713 'lli
132 2658 186 2710 Sed
195 2659 301 2711 nimbos
311 2674 427 2727 rapuere
437 2660 510 2727 fuga.
528 2658 616 2710 Vacat
625 2658 755 2709 imbribus
761 2662 869 2721 Arctos,

130 2730 169 2780 Et
178 2733 273 2795 notus3
289 2729 318 2780 in
329 2729 414 2781 solam
427 2729 527 2794 calpen
537 2726 595 2777 lluit
605 2725 730 2779 humidus
743 2744 797 2780 aer.
