1956 3106
215 181 503 234 PHARSALIA.
538 183 627 233 LlB.
657 185 708 236 tv.
796 184 829 234 85

467 264 478 291 ι

88 302 232 356 Desectam
245 303 337 354 timuit
348 302 485 369 reparatis
497 301 632 369 anguibus
641 300 760 370 ltqduum.
839 301 889 352 635

91 371 242 440 Conflixere
252 388 341 438 pares,
353 372 456 421 telluris
469 370 568 420 uiribus
579 370 632 431 ille,

87 441 139 494 Ille
150 441 213 492 suis.
224 439 378 507 Numquam
391 456 483 491 suevae
496 456 606 506 sperare
616 455 744 509 novercae

88 511 158 563 Plus
170 509 256 563 licuit.
290 508 369 559 Videt
381 508 524 560 exhaustos
534 507 674 559 sudoribus
686 518 763 559 artus

91 578 281 646 Cervicemque
292 579 346 629 viri
357 577 462 640 siccam,
473 596 526 645 qua
535 579 624 646 ferret
637 576 771 642 Olurpum.

92 648 180 716 thue
192 648 290 699 iterum
295 647 380 718 fessis
391 648 486 700 iniecit
498 646 607 698 brachia
618 646 748 708 membris,
837 645 886 696 640

90 717 154 770 Nou
167 717 331 784 exspectatis
341 717 462 769 Antaeus
472 716 572 767 uiribus
583 715 675 778 lastis,

91 788 193 854 sponte
205 787 287 848 cedit,
300 786 445 854 maiorque,
458 796 564 851 accepta
576 787 678 848 robore,
690 786 789 855 surgit.
826 804 828 809 ’

93 856 220 922 Quisquis
230 856 301 924 inest
311 857 401 918 terris,
413 856 441 907 iu
447 857 536 927 fessos
550 855 662 921 spiritus
673 866 752 907 artus

90 926 228 994 Egeritur
234 944 246 987 ,·
257 927 385 992 tellusque
396 926 456 975 uiro
470 927 589 976 luctaute
601 923 715 977 laborat.

94 994 131 1046 Ut
143 996 252 1048 taudem
264 995 397 1047 auxilium
408 1004 500 1046 tactae
507 995 634 1059 prodesse
642 995 766 1061 parentis
840 993 889 1045 645

89 1065 200 1117 Alcides
213 1065 310 1117 scutit:
322 1064 448 1114 standum
460 1062 572 1124 esttibi,
585 1062 664 1122 dixit,
676 1069 704 1113 et
713 1064 785 1113 ultra

90 1132 153 1186 Non
166 1134 278 1185 credere
290 1133 358 1194 solo,
369 1133 506 1198 sternique
518 1130 647 1181 vetabere
657 1137 713 1181 terr
719 1147 741 1181 a.

92 1203 231 1254 Haerebis
243 1203 344 1270 pressis
353 1203 426 1251 intra
436 1216 498 1250 mea
507 1206 621 1265 pectora
631 1200 770 1251 membris:

90 1273 155 1322 Huc
166 1273 269 1321 lintace
281 1269 371 1320 cades.
402 1269 447 1321 Sic
452 1270 543 1339 fctus,
556 1269 678 1320 trastulit
688 1273 742 1320 alte

92 1339 228 1392 Nitentem
240 1339 268 1390 in
281 1348 368 1389 terras
379 1338 507 1391 iuvenem.
538 1337 686 1389 Morientis
696 1339 724 1391 ia
735 1348 812 1391 artus
841 1340 890 1391 656

92 1407 154 1460 Nou
160 1408 256 1475 potuit
266 1408 326 1460 uati
340 1407 430 1460 Tellus
440 1408 595 1460 submittere
606 1407 684 1459 uires.

91 1477 198 1531 Alcides
209 1478 323 1530 medium
334 1479 437 1530 tenuit:
447 1479 501 1530 iam
509 1487 624 1545 pectora
633 1478 715 1547 pigro
780 1476 787 1483 '

93 1547 199 1599 Stricta
206 1551 287 1616 gelu.-
297 1546 430 1614 terrisque
441 1550 487 1600 diu
498 1555 550 1601 uere
564 1549 679 1600 credidit
689 1548 798 1600 ltostem.

90 1615 163 1669 Hinc
174 1619 234 1668 aevi
243 1618 341 1670 'veteris
352 1627 448 1682 custos,
455 1619 566 1690 fumosa
577 1628 704 1684 vetustas,

90 1685 276 1755 Miratrixque
287 1687 330 1739 uei
340 1688 463 1756 signauit
471 1691 577 1741 uomiue
588 1700 684 1740 terras.
838 1687 888 1738 655

93 1755 146 1806 Sed
154 1757 257 1809 maiora
270 1757 341 1808 dedit
350 1759 507 1826 cognomina
520 1761 628 1810 collibus
638 1760 706 1820 istis,

91 1825 214 1878 Poenum
226 1827 272 1893 qui
282 1825 373 1877 Latiis
382 1829 516 1879 reuocauit
527 1829 560 1880 ab
573 1829 681 1880 arcibus
693 1829 801 1887 leostem,

92 1894 192 1961 Scipio.
221 1895 290 1947 Num
303 1897 373 1945 sedes
384 1896 486 1964 quicu
497 1901 592 1950 tellure
601 1898 691 1964 potito

91 1963 243 2034 Ilaecsuit.
272 1962 325 2025 Eu,
337 1966 433 2015 asteris
442 1967 529 2018 ceruis
541 1967 657 2035 uestigia
669 1965 742 2017 ualli.

90 2032 216 2084 Rorucua
226 2031 272 2083 lias
280 2032 397 2098 primum
409 2033 496 2084 tenuit
507 2035 621 2087 uictoria
633 2051 748 2101 campos.
839 2030 888 2082 666

145 2103 226 2153 Curio
237 2101 364 2164 laetatus,
375 2107 513 2168 tamquam
524 2103 636 2155 fortuna
645 2105 769 2154 locorum

90 2172 169 2223 Bella
180 2178 268 2240 gerat,
280 2178 424 2239 servetque
437 2170 536 2223 ducum
546 2173 597 2224 sibi
607 2173 665 2222 lata
677 2174 809 2238 priorum,

92 2242 177 2293 Felici
188 2257 242 2293 non
254 2240 346 2292 fausta
356 2239 418 2291 loco
429 2243 550 2291 tentoria
559 2257 672 2306 ponens,

93 2311 207 2363 Indulsit
217 2312 323 2373 castris,
336 2315 365 2379 et
377 2309 490 2362 collibus
502 2310 614 2361 abstulit
625 2326 712 2371 omen,

93 2378 281 2448 Sollicitatque
291 2379 366 2432 feros
376 2395 430 2431 non
442 2381 534 2447 aequis
545 2380 646 2430 viribus
658 2380 759 2431 hostes.
836 2379 887 2433 665

94 2449 188 2500 Omnis
198 2447 328 2501 Romanis
339 2465 409 2518 quae
420 2456 543 2500 cesserat
552 2448 645 2500 Africa
655 2449 746 2518 signis,

93 2521 174 2571 Tunc
185 2518 253 2570 Vari
262 2519 311 2570 sub
324 2521 383 2572 iure
394 2519 460 2570 fuit:
472 2521 526 2588 qui,
538 2519 637 2570 robore
650 2532 812 2586 quamquam

94 2588 218 2639 Confisus
227 2588 320 2652 Latio,
330 2589 402 2658 regis
413 2594 505 2639 tamen
515 2588 632 2656 undique
643 2590 713 2640 vires

93 2656 203 2709 Excivit
214 2656 338 2722 Libycae
348 2659 445 2728 gentis,
458 2666 635 2726 extremaque
646 2658 737 2711 mundi

94 2724 177 2794 Signa
187 2741 265 2777 suum
277 2729 408 2780 comitata
418 2729 520 2780 lubam.
549 2727 610 2780 Non
621 2728 707 2780 fusior
717 2729 763 2778 ulli
834 2725 886 2776 oro
