1956 3106
182 210 681 264 0000080010011010,
761 211 795 261 ‘15
850 209 855 215 ’

10 390 12 395 ,
58 333 132 384 Dum
145 331 222 382 dolor
234 339 276 383 est
285 333 410 398 ictusque
422 347 526 393 recens,
539 337 567 381 et
577 331 676 380 mobile
688 332 777 381 nervis

60 404 201 452 Conamen
211 402 314 452 calidus
324 401 439 467 praebet
450 416 539 461 cruor,
554 415 670 465 ossaque
683 400 800 449 nondum

10 520 12 525 .
58 470 207 521 Adduxere
219 477 323 522 cutem:
335 471 358 520 si
370 473 495 521 conscius
506 470 578 520 ensis
590 469 680 517 adacti

10 548 12 577 ³
58 538 123 590 Stat
132 541 228 601 victor,
240 540 380 605 tenuitque
387 555 492 603 manus,
504 537 689 605 tuncfrigidus
701 543 775 586 artus

10 634 12 639 ·
58 609 170 676 Adligat
183 615 265 674 atque
278 610 396 657 animum
407 609 541 659 subducto
553 608 653 657 robore
667 613 773 671 torpor,
812 608 862 657 290

58 677 211 743 Postquam
224 679 298 727 sicca
309 679 399 743 rigens
407 678 552 727 adstrinxit
562 677 800 742 vulnerasanguis.

112 748 225 812 lamque
236 748 331 811 inopes
344 746 440 808 undae,
451 748 567 813 primum
579 746 675 796 tellure
683 744 800 806 refossa,

57 815 194 866 Occultos
205 815 309 876 latices,
322 815 501 882 abstrusaque
512 814 623 866 flumina
634 821 782 882 quaerunt:

58 883 119 935 Nec
131 884 219 934 solum
229 885 325 935 rastris
336 884 464 950 durisque
476 883 611 951 ligonibus
624 899 697 943 ama,

57 952 116 1004 Sed
127 954 224 1020 gladiis
236 953 331 1004 fodero
342 954 410 1004 suis:
423 960 573 1021 puteusque
586 955 677 1003 carati
811 954 861 1004 295

59 1023 164 1075 Montis
176 1023 210 1072 ad
220 1023 315 1090 irrigui
327 1024 459 1089 premitur
470 1021 581 1089 fastigia
593 1023 690 1087 campi.

59 1091 122 1142 Non
134 1098 229 1143 setam
241 1092 357 1158 penitus,
370 1097 425 1140 tam
436 1091 525 1158 longe,
537 1092 597 1140 luce
608 1091 713 1151 relicta,
731 1132 734 1137 .

59 1162 190 1212 Merserit
202 1161 308 1226 Assyrii
319 1166 459 1210 scrutator
469 1159 585 1225 pallidus
597 1160 664 1208 auri.

58 1228 123 1282 Non
134 1238 226 1279 tamen
237 1237 285 1278 aut
296 1230 377 1279 tectis
389 1234 539 1278 sonuerunt
550 1228 674 1278 cursibus
688 1243 789 1289 amnes,

57 1302 113 1352 Aut
124 1301 244 1347 micuere
257 1298 329 1358 nori,
341 1312 471 1362 percusso
483 1299 599 1364 pumice,
612 1296 715 1347 fontes:
811 1300 861 1349 300

56 1371 147 1420 Antra
157 1382 207 1415 nec
219 1368 317 1432 exiguo
329 1366 432 1416 stillant
442 1367 569 1416 sudantia
579 1381 651 1427 rore,

56 1439 114 1489 Aut
125 1435 242 1502 impulsa
252 1435 304 1486 len
314 1435 441 1486 turbatur
450 1436 545 1503 glarea
556 1451 634 1486 rena.

57 1508 140 1556 Tunc
153 1503 287 1556 exhausta
298 1520 379 1571 super
388 1506 474 1555 multo
486 1506 586 1556 sudore
596 1507 722 1555 iuventus

56 1573 228 1636 Extrahitur,
243 1575 316 1625 duris
328 1575 433 1626 silicum
444 1576 547 1625 lassata
558 1575 682 1626 metallis.

58 1646 175 1711 Quoque
188 1646 274 1694 minus
287 1650 400 1711 possent
412 1646 501 1694 siccos
512 1645 633 1695 tolerare
644 1660 771 1710 vapores,
809 1647 859 1696 305

59 1715 208 1776 Quaesitae
220 1714 323 1764 fecistis
337 1729 433 1780 aquae.
463 1713 521 1764 Nec
532 1714 661 1782 languida
671 1716 736 1766 fessi

56 1784 182 1850 Corpora
194 1789 348 1834 sustentant
359 1784 454 1849 epulis,
466 1799 626 1850 mensasque
638 1787 728 1850 perosi

56 1852 192 1904 Auxilium
203 1851 294 1902 100000
307 1852 415 1902 fantem.
444 1852 473 1902 Si
483 1853 590 1903 mollius
602 1868 695 1903 arvum

56 1922 183 1973 Prodidit
194 1919 345 1981 humorem,
358 1922 471 1988 pingues
479 1938 574 1971 manus
582 1932 696 1989 utraque
703 1923 796 1990 glebas

58 1992 196 2057 Exprimit
208 2007 257 2040 ora
269 2005 359 2054 super.
387 1989 472 2057 Nigro
485 1992 508 2041 si
519 1992 628 2041 turbida
638 1992 702 2042 limo
807 1994 857 2043 310

57 2061 192 2111 Colluvies
202 2061 317 2109 immota
326 2059 411 2119 iacet,
424 2060 497 2108 cadit
509 2062 595 2110 omnis
606 2062 632 2110 in
645 2059 758 2111 haustus

56 2131 189 2180 Certatim
202 2129 354 2179 obscoenos
367 2128 455 2176 miles:
467 2130 639 2195 moriensque
651 2133 764 2194 recepit,

58 2201 132 2259 11000
143 2198 228 2250 nollet
237 2201 369 2259 victurus,
382 2212 479 2262 aquas:
490 2198 596 2263 rituque
607 2197 728 2246 ferarum

56 2268 198 2318 Distentas
209 2271 314 2319 siccant
325 2265 453 2332 pecudes,
466 2271 493 2314 et
503 2265 576 2316 lacte
587 2273 698 2332 negato,

57 2336 187 2388 Sordibus
199 2336 332 2388 exhausto
343 2335 469 2385 sorbetur
481 2334 514 2384 ab
526 2335 608 2384 ubere
620 2336 738 2403 sanguis.
805 2337 854 2388 315

56 2408 134 2456 'l'unc
146 2405 243 2457 herbas
255 2405 421 2471 frondesque
433 2409 534 2467 terunt,
545 2411 640 2455 etrore
653 2405 794 2457 madentes

54 2476 235 2543 Destringunt
245 2491 351 2525 ramos:
365 2490 396 2524 ac
408 2474 429 2524 si
442 2489 509 2540 quos
522 2474 632 2540 palmite
646 2475 739 2536 crudo,

53 2545 165 2595 Arboris
177 2551 224 2594 aut
235 2552 330 2596 tenera
341 2559 438 2593 succos
450 2558 575 2609 pressere
586 2544 711 2594 medulla.

107 2615 129 2663 0
143 2612 285 2674 fortunati,
296 2614 402 2681 fugiens
414 2629 482 2680 quos
493 2613 626 2664 barbarus
638 2612 725 2666 hostis

52 2684 185 2734 Fontibus
196 2685 318 2732 immixto
331 2684 428 2732 stravit
440 2697 489 2748 per
501 2699 565 2733 rura
575 2699 690 2735 veneno.
800 2688 851 2736 320

52 2753 112 2802 llos
124 2754 188 2803 11000
198 2753 224 2802 in
236 2752 332 2803 llurios
344 2754 446 2803 saniem
458 2753 603 2820 tabemque
616 2754 744 2813 ferarum,
